2021-06-10 txn "Yvan bought 1 items for €1.50"
  timestamp: "2021-06-10 14:59:19.522383"
  type: "purchase"
  Assets:Inventory:Bar             -1 COKE
  Liabilities:Bar:Members:Yvan      1 COKE
  Liabilities:Bar:Members:Yvan   1.50 EUR 
  Income:Bar                    -1.50 EUR 

2021-06-11 txn "Yvan bought 1 items for €1.50"
  timestamp: "2021-06-11 12:59:35.556801"
  type: "purchase"
  Assets:Inventory:Bar             -1 COKE
  Liabilities:Bar:Members:Yvan      1 COKE
  Liabilities:Bar:Members:Yvan   1.50 EUR 
  Income:Bar                    -1.50 EUR 

2021-06-11 txn "Sander deposited €20.00"
  timestamp: "2021-06-11 12:59:45.431783"
  type: "deposit"
  Liabilities:Bar:Members:Sander  -20.00 EUR
  Assets:Cash:Bar                  20.00 EUR

2021-06-11 txn "Yvan gave Sander a gift of €5.00"
  timestamp: "2021-06-11 13:00:05.523759"
  type: "transfer"
  Liabilities:Bar:Members:Yvan     5.00 EUR
  Liabilities:Bar:Members:Sander  -5.00 EUR

2021-06-11 txn "Sander bought 1 items for €1.50"
  timestamp: "2021-06-11 13:00:16.335829"
  type: "purchase"
  Assets:Inventory:Bar               -1 COKE
  Liabilities:Bar:Members:Sander      1 COKE
  Liabilities:Bar:Members:Sander   1.50 EUR 
  Income:Bar                      -1.50 EUR 

2021-06-11 txn "Sander bought 1 items for €1.50"
  timestamp: "2021-06-11 13:34:49.167884"
  type: "purchase"
  Assets:Inventory:Bar               -1 COKE
  Liabilities:Bar:Members:Sander      1 COKE
  Liabilities:Bar:Members:Sander   1.50 EUR 
  Income:Bar                      -1.50 EUR 

2021-06-11 txn "qwaxys bought 1 items for €1.50"
  timestamp: "2021-06-11 19:02:51.782302"
  type: "purchase"
  Assets:Inventory:Bar             -1 ICETEA
  Liabilities:Bar:Members:Bart      1 ICETEA
  Liabilities:Bar:Members:Bart   1.50 EUR   
  Income:Bar                    -1.50 EUR   

2021-06-11 txn "Miker gave qwaxys a gift of €15.00"
  timestamp: "2021-06-11 19:05:01.565029"
  type: "transfer"
  Liabilities:Bar:Members:Miker   15.00 EUR
  Liabilities:Bar:Members:Bart   -15.00 EUR

2021-06-11 txn "Sander bought 1 items for €1.50"
  timestamp: "2021-06-11 21:38:59.727183"
  type: "purchase"
  Assets:Inventory:Bar               -1 ICETEA
  Liabilities:Bar:Members:Sander      1 ICETEA
  Liabilities:Bar:Members:Sander   1.50 EUR   
  Income:Bar                      -1.50 EUR   

2021-06-11 txn "Sander gave Yvan a gift of €4.00"
  timestamp: "2021-06-11 21:39:24.346255"
  type: "transfer"
  Liabilities:Bar:Members:Sander   4.00 EUR
  Liabilities:Bar:Members:Yvan    -4.00 EUR

2021-06-12 txn "Els bought 1 items for €1.50"
  timestamp: "2021-06-12 09:10:24.463600"
  type: "purchase"
  Assets:Inventory:Bar            -1 COKE_ZERO
  Liabilities:Bar:Members:Els      1 COKE_ZERO
  Liabilities:Bar:Members:Els   1.50 EUR      
  Income:Bar                   -1.50 EUR      

2021-06-12 txn "Els bought 1 items for €0.30"
  timestamp: "2021-06-12 09:23:00.933654"
  type: "purchase"
  Assets:Inventory:Bar            -1 CHIP
  Liabilities:Bar:Members:Els      1 CHIP
  Liabilities:Bar:Members:Els   0.30 EUR 
  Income:Bar                   -0.30 EUR 

2021-06-12 txn "Els bought 1 items for €0.60"
  timestamp: "2021-06-12 09:32:49.686578"
  type: "purchase"
  Assets:Inventory:Bar            -1 MNM
  Liabilities:Bar:Members:Els      1 MNM
  Liabilities:Bar:Members:Els   0.60 EUR
  Income:Bar                   -0.60 EUR

2021-06-12 txn "Merlijn bought 1 items for €0.60"
  timestamp: "2021-06-12 16:02:04.467901"
  type: "purchase"
  Assets:Inventory:Bar                -1 MNM
  Liabilities:Bar:Members:Merlijn      1 MNM
  Liabilities:Bar:Members:Merlijn   0.60 EUR
  Income:Bar                       -0.60 EUR

2021-06-14 txn "qwaxys bought 1 items for €1.50"
  timestamp: "2021-06-14 16:57:36.777175"
  type: "purchase"
  Assets:Inventory:Bar             -1 ICETEA
  Liabilities:Bar:Members:Bart      1 ICETEA
  Liabilities:Bar:Members:Bart   1.50 EUR   
  Income:Bar                    -1.50 EUR   

2021-06-14 txn "Carro​armato0 bought 2 items for €2.10"
  timestamp: "2021-06-14 16:57:46.475881"
  type: "purchase"
  Assets:Inventory:Bar                     -1 ICETEA
  Liabilities:Bar:Members:Carroarmato0      1 ICETEA
  Assets:Inventory:Bar                     -1 MNM   
  Liabilities:Bar:Members:Carroarmato0      1 MNM   
  Liabilities:Bar:Members:Carroarmato0   2.10 EUR   
  Income:Bar                            -2.10 EUR   

2021-06-15 txn "qwaxys bought 1 items for €1.50"
  timestamp: "2021-06-15 17:31:20.053469"
  type: "purchase"
  Assets:Inventory:Bar             -1 HG 
  Liabilities:Bar:Members:Bart      1 HG 
  Liabilities:Bar:Members:Bart   1.50 EUR
  Income:Bar                    -1.50 EUR

2021-06-15 txn "TQ bought 1 items for €1.50"
  timestamp: "2021-06-15 17:33:05.633658"
  type: "purchase"
  Assets:Inventory:Bar                -1 HG 
  Liabilities:Bar:Members:Thequux      1 HG 
  Liabilities:Bar:Members:Thequux   1.50 EUR
  Income:Bar                       -1.50 EUR

2021-06-15 txn "TQ bought 1 items for €0.60"
  timestamp: "2021-06-15 19:30:21.781869"
  type: "purchase"
  Assets:Inventory:Bar                -1 MNM
  Liabilities:Bar:Members:Thequux      1 MNM
  Liabilities:Bar:Members:Thequux   0.60 EUR
  Income:Bar                       -0.60 EUR

2021-06-16 txn "Ljaytee bought 1 items for €2.00"
  timestamp: "2021-06-16 17:03:46.086119"
  type: "purchase"
  Assets:Inventory:Bar                -1 CIDER
  Liabilities:Bar:Members:Ljaytee      1 CIDER
  Liabilities:Bar:Members:Ljaytee   2.00 EUR  
  Income:Bar                       -2.00 EUR  

2021-06-16 txn "TQ bought 1 items for €1.50"
  timestamp: "2021-06-16 19:23:24.642261"
  type: "purchase"
  Assets:Inventory:Bar                -1 JUPILER
  Liabilities:Bar:Members:Thequux      1 JUPILER
  Liabilities:Bar:Members:Thequux   1.50 EUR    
  Income:Bar                       -1.50 EUR    

2021-06-16 txn "qwaxys bought 1 items for €1.50"
  timestamp: "2021-06-16 20:41:18.391192"
  type: "purchase"
  Assets:Inventory:Bar             -1 COKE
  Liabilities:Bar:Members:Bart      1 COKE
  Liabilities:Bar:Members:Bart   1.50 EUR 
  Income:Bar                    -1.50 EUR 

2021-06-16 txn "Ljaytee bought 2 items for €3.00"
  timestamp: "2021-06-16 20:53:14.701275"
  type: "purchase"
  Assets:Inventory:Bar                -1 COKE
  Liabilities:Bar:Members:Ljaytee      1 COKE
  Assets:Inventory:Bar                -1 HG  
  Liabilities:Bar:Members:Ljaytee      1 HG  
  Liabilities:Bar:Members:Ljaytee   3.00 EUR 
  Income:Bar                       -3.00 EUR 

2021-06-16 txn "Merlijn bought 2 items for €2.10"
  timestamp: "2021-06-16 22:23:09.931738"
  type: "purchase"
  Assets:Inventory:Bar                -1 ICETEA
  Liabilities:Bar:Members:Merlijn      1 ICETEA
  Assets:Inventory:Bar                -1 LION  
  Liabilities:Bar:Members:Merlijn      1 LION  
  Liabilities:Bar:Members:Merlijn   2.10 EUR   
  Income:Bar                       -2.10 EUR   

2021-06-16 txn "qwaxys bought 1 items for €2.50"
  timestamp: "2021-06-16 22:24:25.819570"
  type: "purchase"
  Assets:Inventory:Bar             -1 DUVEL
  Liabilities:Bar:Members:Bart      1 DUVEL
  Liabilities:Bar:Members:Bart   2.50 EUR  
  Income:Bar                    -2.50 EUR  

2021-06-17 txn "Yvan bought 2 items for €3.00"
  timestamp: "2021-06-17 10:40:44.878532"
  type: "purchase"
  Assets:Inventory:Bar             -1 ICETEA
  Liabilities:Bar:Members:Yvan      1 ICETEA
  Assets:Inventory:Bar             -1 COKE  
  Liabilities:Bar:Members:Yvan      1 COKE  
  Liabilities:Bar:Members:Yvan   3.00 EUR   
  Income:Bar                    -3.00 EUR   

2021-06-17 txn "Yvan bought 2 items for €2.10"
  timestamp: "2021-06-17 12:05:58.247883"
  type: "purchase"
  Assets:Inventory:Bar             -1 ICETEA
  Liabilities:Bar:Members:Yvan      1 ICETEA
  Assets:Inventory:Bar             -1 LION  
  Liabilities:Bar:Members:Yvan      1 LION  
  Liabilities:Bar:Members:Yvan   2.10 EUR   
  Income:Bar                    -2.10 EUR   

2021-06-17 txn "TQ bought 1 items for €1.50"
  timestamp: "2021-06-17 12:09:11.564803"
  type: "purchase"
  Assets:Inventory:Bar                -1 COKE
  Liabilities:Bar:Members:Thequux      1 COKE
  Liabilities:Bar:Members:Thequux   1.50 EUR 
  Income:Bar                       -1.50 EUR 

2021-06-17 txn "Yvan bought 1 items for €1.50"
  timestamp: "2021-06-17 12:37:06.007634"
  type: "purchase"
  Assets:Inventory:Bar             -1 COKE
  Liabilities:Bar:Members:Yvan      1 COKE
  Liabilities:Bar:Members:Yvan   1.50 EUR 
  Income:Bar                    -1.50 EUR 

2021-06-17 txn "Yvan bought 2 items for €1.80"
  timestamp: "2021-06-17 15:23:09.059535"
  type: "purchase"
  Assets:Inventory:Bar             -1 CHIP
  Liabilities:Bar:Members:Yvan      1 CHIP
  Assets:Inventory:Bar             -1 COKE
  Liabilities:Bar:Members:Yvan      1 COKE
  Liabilities:Bar:Members:Yvan   1.80 EUR 
  Income:Bar                    -1.80 EUR 

2021-06-17 txn "TQ bought 1 items for €1.50"
  timestamp: "2021-06-17 15:33:08.170060"
  type: "purchase"
  Assets:Inventory:Bar                -1 COKE
  Liabilities:Bar:Members:Thequux      1 COKE
  Liabilities:Bar:Members:Thequux   1.50 EUR 
  Income:Bar                       -1.50 EUR 

2021-06-17 txn "Sander bought 1 items for €1.50"
  timestamp: "2021-06-17 15:33:12.240177"
  type: "purchase"
  Assets:Inventory:Bar               -1 COKE
  Liabilities:Bar:Members:Sander      1 COKE
  Liabilities:Bar:Members:Sander   1.50 EUR 
  Income:Bar                      -1.50 EUR 

2021-06-17 txn "TQ bought 1 items for €1.50"
  timestamp: "2021-06-17 16:44:46.468842"
  type: "purchase"
  Assets:Inventory:Bar                -1 JUPILER
  Liabilities:Bar:Members:Thequux      1 JUPILER
  Liabilities:Bar:Members:Thequux   1.50 EUR    
  Income:Bar                       -1.50 EUR    

2021-06-17 txn "Carro​armato0 bought 2 items for €1.20"
  timestamp: "2021-06-17 16:45:25.475111"
  type: "purchase"
  Assets:Inventory:Bar                     -1 SNACK 
  Liabilities:Bar:Members:Carroarmato0      1 SNACK 
  Assets:Inventory:Bar                     -1 BOUNTY
  Liabilities:Bar:Members:Carroarmato0      1 BOUNTY
  Liabilities:Bar:Members:Carroarmato0   1.20 EUR   
  Income:Bar                            -1.20 EUR   

2021-06-17 txn "Yvan bought 5 items for €3.00"
  timestamp: "2021-06-17 17:00:56.468587"
  type: "purchase"
  Assets:Inventory:Bar             -1 SNACK 
  Liabilities:Bar:Members:Yvan      1 SNACK 
  Assets:Inventory:Bar             -1 LION  
  Liabilities:Bar:Members:Yvan      1 LION  
  Assets:Inventory:Bar             -1 TWIX  
  Liabilities:Bar:Members:Yvan      1 TWIX  
  Assets:Inventory:Bar             -2 BOUNTY
  Liabilities:Bar:Members:Yvan      2 BOUNTY
  Liabilities:Bar:Members:Yvan   3.00 EUR   
  Income:Bar                    -3.00 EUR   

2021-06-17 txn "qwaxys bought 1 items for €1.50"
  timestamp: "2021-06-17 17:15:29.913609"
  type: "purchase"
  Assets:Inventory:Bar             -1 ICETEA
  Liabilities:Bar:Members:Bart      1 ICETEA
  Liabilities:Bar:Members:Bart   1.50 EUR   
  Income:Bar                    -1.50 EUR   

2021-06-17 txn "Sander bought 1 items for €1.50"
  timestamp: "2021-06-17 17:33:07.629286"
  type: "purchase"
  Assets:Inventory:Bar               -1 COKE
  Liabilities:Bar:Members:Sander      1 COKE
  Liabilities:Bar:Members:Sander   1.50 EUR 
  Income:Bar                      -1.50 EUR 

2021-06-17 txn "Sasja bought 7 items for €5.00"
  timestamp: "2021-06-17 18:23:21.485420"
  type: "purchase"
  Assets:Inventory:Bar              -2 CIDER     
  Liabilities:Bar:Members:Sasja      2 CIDER     
  Assets:Inventory:Bar              -5 CHUPACHUPS
  Liabilities:Bar:Members:Sasja      5 CHUPACHUPS
  Liabilities:Bar:Members:Sasja   5.00 EUR       
  Income:Bar                     -5.00 EUR       

2021-06-17 txn "Sasja deposited €30.00"
  timestamp: "2021-06-17 18:24:23.432595"
  type: "deposit"
  Liabilities:Bar:Members:Sasja  -30.00 EUR
  Assets:Cash:Bar                 30.00 EUR

2021-06-17 txn "Sasja bought 1 items for €0.30"
  timestamp: "2021-06-17 18:25:47.771830"
  type: "purchase"
  Assets:Inventory:Bar              -1 CHIP
  Liabilities:Bar:Members:Sasja      1 CHIP
  Liabilities:Bar:Members:Sasja   0.30 EUR 
  Income:Bar                     -0.30 EUR 

2021-06-17 txn "Yvan bought 2 items for €2.10"
  timestamp: "2021-06-17 18:29:18.848190"
  type: "purchase"
  Assets:Inventory:Bar             -1 ICETEA
  Liabilities:Bar:Members:Yvan      1 ICETEA
  Assets:Inventory:Bar             -1 BOUNTY
  Liabilities:Bar:Members:Yvan      1 BOUNTY
  Liabilities:Bar:Members:Yvan   2.10 EUR   
  Income:Bar                    -2.10 EUR   

2021-06-17 txn "TQ bought 1 items for €1.50"
  timestamp: "2021-06-17 18:29:26.641736"
  type: "purchase"
  Assets:Inventory:Bar                -1 COKE
  Liabilities:Bar:Members:Thequux      1 COKE
  Liabilities:Bar:Members:Thequux   1.50 EUR 
  Income:Bar                       -1.50 EUR 

2021-06-17 txn "Merlijn deposited €-5.00"
  timestamp: "2021-06-17 18:32:11.039304"
  type: "deposit"
  Liabilities:Bar:Members:Merlijn   5.00 EUR
  Assets:Cash:Bar                  -5.00 EUR

2021-06-17 txn "Sasja bought 1 items for €0.30"
  timestamp: "2021-06-17 18:41:07.037889"
  type: "purchase"
  Assets:Inventory:Bar              -1 CHIP
  Liabilities:Bar:Members:Sasja      1 CHIP
  Liabilities:Bar:Members:Sasja   0.30 EUR 
  Income:Bar                     -0.30 EUR 

2021-06-17 txn "Sasja bought 1 items for €0.60"
  timestamp: "2021-06-17 19:11:53.610843"
  type: "purchase"
  Assets:Inventory:Bar              -1 MNM
  Liabilities:Bar:Members:Sasja      1 MNM
  Liabilities:Bar:Members:Sasja   0.60 EUR
  Income:Bar                     -0.60 EUR

2021-06-17 txn "Sasja bought 1 items for €0.60"
  timestamp: "2021-06-17 19:34:34.474789"
  type: "purchase"
  Assets:Inventory:Bar              -1 MNM
  Liabilities:Bar:Members:Sasja      1 MNM
  Liabilities:Bar:Members:Sasja   0.60 EUR
  Income:Bar                     -0.60 EUR

2021-06-17 txn "Sander gave TQ a gift of €10.00"
  timestamp: "2021-06-17 20:08:31.833636"
  type: "transfer"
  Liabilities:Bar:Members:Sander    10.00 EUR
  Liabilities:Bar:Members:Thequux  -10.00 EUR

2021-06-17 txn "Sander bought 1 items for €1.50"
  timestamp: "2021-06-17 20:08:36.187804"
  type: "purchase"
  Assets:Inventory:Bar               -1 COKE
  Liabilities:Bar:Members:Sander      1 COKE
  Liabilities:Bar:Members:Sander   1.50 EUR 
  Income:Bar                      -1.50 EUR 

2021-06-17 txn "qwaxys bought 1 items for €2.00"
  timestamp: "2021-06-17 20:26:20.695103"
  type: "purchase"
  Assets:Inventory:Bar             -1 CIDER
  Liabilities:Bar:Members:Bart      1 CIDER
  Liabilities:Bar:Members:Bart   2.00 EUR  
  Income:Bar                    -2.00 EUR  

2021-06-17 txn "Sasja bought 1 items for €0.30"
  timestamp: "2021-06-17 22:16:38.474851"
  type: "purchase"
  Assets:Inventory:Bar              -1 CHIP
  Liabilities:Bar:Members:Sasja      1 CHIP
  Liabilities:Bar:Members:Sasja   0.30 EUR 
  Income:Bar                     -0.30 EUR 

2021-06-18 txn "TQ bought 1 items for €1.50"
  timestamp: "2021-06-18 09:22:11.219650"
  type: "purchase"
  Assets:Inventory:Bar                -1 COKE
  Liabilities:Bar:Members:Thequux      1 COKE
  Liabilities:Bar:Members:Thequux   1.50 EUR 
  Income:Bar                       -1.50 EUR 

2021-06-18 txn "Yvan bought 2 items for €2.10"
  timestamp: "2021-06-18 10:50:09.239947"
  type: "purchase"
  Assets:Inventory:Bar             -1 COKE
  Liabilities:Bar:Members:Yvan      1 COKE
  Assets:Inventory:Bar             -1 LION
  Liabilities:Bar:Members:Yvan      1 LION
  Liabilities:Bar:Members:Yvan   2.10 EUR 
  Income:Bar                    -2.10 EUR 

2021-06-18 txn "TQ bought 4 items for €3.30"
  timestamp: "2021-06-18 13:27:42.456173"
  type: "purchase"
  Assets:Inventory:Bar                -2 LION 
  Liabilities:Bar:Members:Thequux      2 LION 
  Assets:Inventory:Bar                -1 SNACK
  Liabilities:Bar:Members:Thequux      1 SNACK
  Assets:Inventory:Bar                -1 COKE 
  Liabilities:Bar:Members:Thequux      1 COKE 
  Liabilities:Bar:Members:Thequux   3.30 EUR  
  Income:Bar                       -3.30 EUR  

2021-06-18 txn "Yvan bought 1 items for €0.60"
  timestamp: "2021-06-18 14:57:12.523897"
  type: "purchase"
  Assets:Inventory:Bar             -1 SNACK
  Liabilities:Bar:Members:Yvan      1 SNACK
  Liabilities:Bar:Members:Yvan   0.60 EUR  
  Income:Bar                    -0.60 EUR  

2021-06-18 txn "Yvan bought 1 items for €0.60"
  timestamp: "2021-06-18 16:48:14.587715"
  type: "purchase"
  Assets:Inventory:Bar             -1 SNACK
  Liabilities:Bar:Members:Yvan      1 SNACK
  Liabilities:Bar:Members:Yvan   0.60 EUR  
  Income:Bar                    -0.60 EUR  

2021-06-18 txn "qwaxys bought 1 items for €1.50"
  timestamp: "2021-06-18 17:19:55.111670"
  type: "purchase"
  Assets:Inventory:Bar             -1 ICETEA
  Liabilities:Bar:Members:Bart      1 ICETEA
  Liabilities:Bar:Members:Bart   1.50 EUR   
  Income:Bar                    -1.50 EUR   

2021-06-18 txn "TQ bought 2 items for €1.20"
  timestamp: "2021-06-18 18:24:49.480090"
  type: "purchase"
  Assets:Inventory:Bar                -1 SNICKERS
  Liabilities:Bar:Members:Thequux      1 SNICKERS
  Assets:Inventory:Bar                -1 TWIX    
  Liabilities:Bar:Members:Thequux      1 TWIX    
  Liabilities:Bar:Members:Thequux   1.20 EUR     
  Income:Bar                       -1.20 EUR     

2021-06-19 txn "TQ bought 2 items for €1.20"
  timestamp: "2021-06-19 12:05:32.087929"
  type: "purchase"
  Assets:Inventory:Bar                -1 SNICKERS
  Liabilities:Bar:Members:Thequux      1 SNICKERS
  Assets:Inventory:Bar                -1 TWIX    
  Liabilities:Bar:Members:Thequux      1 TWIX    
  Liabilities:Bar:Members:Thequux   1.20 EUR     
  Income:Bar                       -1.20 EUR     

2021-06-19 txn "Ljaytee bought 3 items for €2.40"
  timestamp: "2021-06-19 12:22:58.485895"
  type: "purchase"
  Assets:Inventory:Bar                -1 COKE
  Liabilities:Bar:Members:Ljaytee      1 COKE
  Assets:Inventory:Bar                -1 TWIX
  Liabilities:Bar:Members:Ljaytee      1 TWIX
  Assets:Inventory:Bar                -1 CHIP
  Liabilities:Bar:Members:Ljaytee      1 CHIP
  Liabilities:Bar:Members:Ljaytee   2.40 EUR 
  Income:Bar                       -2.40 EUR 

2021-06-19 txn "Bloemist bought 1 items for €0.30"
  timestamp: "2021-06-19 16:53:37.475163"
  type: "purchase"
  Assets:Inventory:Bar                 -1 CHIP
  Liabilities:Bar:Members:Bloemist      1 CHIP
  Liabilities:Bar:Members:Bloemist   0.30 EUR 
  Income:Bar                        -0.30 EUR 

2021-06-19 txn "Bloemist bought 1 items for €0.30"
  timestamp: "2021-06-19 17:01:05.263853"
  type: "purchase"
  Assets:Inventory:Bar                 -1 CHIP
  Liabilities:Bar:Members:Bloemist      1 CHIP
  Liabilities:Bar:Members:Bloemist   0.30 EUR 
  Income:Bar                        -0.30 EUR 

2021-06-19 txn "TQ bought 2 items for €1.20"
  timestamp: "2021-06-19 18:41:47.854729"
  type: "purchase"
  Assets:Inventory:Bar                -2 LION
  Liabilities:Bar:Members:Thequux      2 LION
  Liabilities:Bar:Members:Thequux   1.20 EUR 
  Income:Bar                       -1.20 EUR 

2021-06-20 txn "TQ bought 1 items for €1.50"
  timestamp: "2021-06-20 12:04:09.656521"
  type: "purchase"
  Assets:Inventory:Bar                -1 COKE
  Liabilities:Bar:Members:Thequux      1 COKE
  Liabilities:Bar:Members:Thequux   1.50 EUR 
  Income:Bar                       -1.50 EUR 

2021-06-20 txn "Yvan bought 3 items for €2.70"
  timestamp: "2021-06-20 12:45:52.231810"
  type: "purchase"
  Assets:Inventory:Bar             -1 ICETEA
  Liabilities:Bar:Members:Yvan      1 ICETEA
  Assets:Inventory:Bar             -2 LION  
  Liabilities:Bar:Members:Yvan      2 LION  
  Liabilities:Bar:Members:Yvan   2.70 EUR   
  Income:Bar                    -2.70 EUR   

2021-06-20 txn "TQ bought 3 items for €2.70"
  timestamp: "2021-06-20 15:02:01.939843"
  type: "purchase"
  Assets:Inventory:Bar                -1 COKE  
  Liabilities:Bar:Members:Thequux      1 COKE  
  Assets:Inventory:Bar                -1 MNM   
  Liabilities:Bar:Members:Thequux      1 MNM   
  Assets:Inventory:Bar                -1 BOUNTY
  Liabilities:Bar:Members:Thequux      1 BOUNTY
  Liabilities:Bar:Members:Thequux   2.70 EUR   
  Income:Bar                       -2.70 EUR   

2021-06-20 txn "Yvan bought 2 items for €1.20"
  timestamp: "2021-06-20 15:36:04.503868"
  type: "purchase"
  Assets:Inventory:Bar             -2 SNACK
  Liabilities:Bar:Members:Yvan      2 SNACK
  Liabilities:Bar:Members:Yvan   1.20 EUR  
  Income:Bar                    -1.20 EUR  

2021-06-20 txn "qwaxys bought 1 items for €0.60"
  timestamp: "2021-06-20 17:39:35.731732"
  type: "purchase"
  Assets:Inventory:Bar             -1 SNICKERS
  Liabilities:Bar:Members:Bart      1 SNICKERS
  Liabilities:Bar:Members:Bart   0.60 EUR     
  Income:Bar                    -0.60 EUR     

2021-06-20 txn "Sander bought 1 items for €1.50"
  timestamp: "2021-06-20 20:47:58.545468"
  type: "purchase"
  Assets:Inventory:Bar               -1 COKE
  Liabilities:Bar:Members:Sander      1 COKE
  Liabilities:Bar:Members:Sander   1.50 EUR 
  Income:Bar                      -1.50 EUR 

2021-06-21 txn "Yvan bought 2 items for €2.10"
  timestamp: "2021-06-21 07:39:29.973883"
  type: "purchase"
  Assets:Inventory:Bar             -1 ICETEA
  Liabilities:Bar:Members:Yvan      1 ICETEA
  Assets:Inventory:Bar             -1 SNACK 
  Liabilities:Bar:Members:Yvan      1 SNACK 
  Liabilities:Bar:Members:Yvan   2.10 EUR   
  Income:Bar                    -2.10 EUR   

2021-06-21 txn "Yvan bought 2 items for €2.10"
  timestamp: "2021-06-21 11:22:29.479841"
  type: "purchase"
  Assets:Inventory:Bar             -1 COKE_ZERO
  Liabilities:Bar:Members:Yvan      1 COKE_ZERO
  Assets:Inventory:Bar             -1 BOUNTY   
  Liabilities:Bar:Members:Yvan      1 BOUNTY   
  Liabilities:Bar:Members:Yvan   2.10 EUR      
  Income:Bar                    -2.10 EUR      

2021-06-21 txn "TQ bought 1 items for €1.50"
  timestamp: "2021-06-21 11:51:54.599479"
  type: "purchase"
  Assets:Inventory:Bar                -1 COKE
  Liabilities:Bar:Members:Thequux      1 COKE
  Liabilities:Bar:Members:Thequux   1.50 EUR 
  Income:Bar                       -1.50 EUR 

2021-06-21 txn "Ljaytee bought 2 items for €2.10"
  timestamp: "2021-06-21 12:15:07.487980"
  type: "purchase"
  Assets:Inventory:Bar                -1 COKE
  Liabilities:Bar:Members:Ljaytee      1 COKE
  Assets:Inventory:Bar                -1 LION
  Liabilities:Bar:Members:Ljaytee      1 LION
  Liabilities:Bar:Members:Ljaytee   2.10 EUR 
  Income:Bar                       -2.10 EUR 

2021-06-21 txn "Yvan bought 1 items for €0.60"
  timestamp: "2021-06-21 14:41:15.144427"
  type: "purchase"
  Assets:Inventory:Bar             -1 LION
  Liabilities:Bar:Members:Yvan      1 LION
  Liabilities:Bar:Members:Yvan   0.60 EUR 
  Income:Bar                    -0.60 EUR 

2021-06-21 txn "Carro​armato0 deposited €50.00"
  timestamp: "2021-06-21 18:11:41.472538"
  type: "deposit"
  Liabilities:Bar:Members:Carroarmato0  -50.00 EUR
  Assets:Cash:Bar                        50.00 EUR

2021-06-21 txn "Carro​armato0 bought 3 items for €2.70"
  timestamp: "2021-06-21 18:12:29.523806"
  type: "purchase"
  Assets:Inventory:Bar                     -1 ICETEA
  Liabilities:Bar:Members:Carroarmato0      1 ICETEA
  Assets:Inventory:Bar                     -1 BOUNTY
  Liabilities:Bar:Members:Carroarmato0      1 BOUNTY
  Assets:Inventory:Bar                     -1 SNACK 
  Liabilities:Bar:Members:Carroarmato0      1 SNACK 
  Liabilities:Bar:Members:Carroarmato0   2.70 EUR   
  Income:Bar                            -2.70 EUR   

2021-06-21 txn "qwaxys bought 1 items for €1.50"
  timestamp: "2021-06-21 18:58:10.631658"
  type: "purchase"
  Assets:Inventory:Bar             -1 ICETEA
  Liabilities:Bar:Members:Bart      1 ICETEA
  Liabilities:Bar:Members:Bart   1.50 EUR   
  Income:Bar                    -1.50 EUR   

2021-06-21 txn "Carro​armato0 bought 1 items for €1.50"
  timestamp: "2021-06-21 19:27:28.717105"
  type: "purchase"
  Assets:Inventory:Bar                     -1 ICETEA
  Liabilities:Bar:Members:Carroarmato0      1 ICETEA
  Liabilities:Bar:Members:Carroarmato0   1.50 EUR   
  Income:Bar                            -1.50 EUR   

2021-06-21 txn "TQ bought 3 items for €1.80"
  timestamp: "2021-06-21 19:54:37.093915"
  type: "purchase"
  Assets:Inventory:Bar                -2 MNM 
  Liabilities:Bar:Members:Thequux      2 MNM 
  Assets:Inventory:Bar                -1 LION
  Liabilities:Bar:Members:Thequux      1 LION
  Liabilities:Bar:Members:Thequux   1.80 EUR 
  Income:Bar                       -1.80 EUR 

2021-06-21 txn "Carro​armato0 bought 1 items for €0.60"
  timestamp: "2021-06-21 21:27:26.827271"
  type: "purchase"
  Assets:Inventory:Bar                     -1 SNACK
  Liabilities:Bar:Members:Carroarmato0      1 SNACK
  Liabilities:Bar:Members:Carroarmato0   0.60 EUR  
  Income:Bar                            -0.60 EUR  

2021-06-22 txn "Yvan bought 2 items for €2.10"
  timestamp: "2021-06-22 07:43:19.664004"
  type: "purchase"
  Assets:Inventory:Bar             -1 ICETEA
  Liabilities:Bar:Members:Yvan      1 ICETEA
  Assets:Inventory:Bar             -1 SNACK 
  Liabilities:Bar:Members:Yvan      1 SNACK 
  Liabilities:Bar:Members:Yvan   2.10 EUR   
  Income:Bar                    -2.10 EUR   

2021-06-22 txn "TQ bought 3 items for €2.70"
  timestamp: "2021-06-22 09:46:06.947425"
  type: "purchase"
  Assets:Inventory:Bar                -1 COKE    
  Liabilities:Bar:Members:Thequux      1 COKE    
  Assets:Inventory:Bar                -2 SNICKERS
  Liabilities:Bar:Members:Thequux      2 SNICKERS
  Liabilities:Bar:Members:Thequux   2.70 EUR     
  Income:Bar                       -2.70 EUR     

2021-06-22 txn "TQ bought 3 items for €1.80"
  timestamp: "2021-06-22 14:40:19.779875"
  type: "purchase"
  Assets:Inventory:Bar                -2 MNM  
  Liabilities:Bar:Members:Thequux      2 MNM  
  Assets:Inventory:Bar                -1 SNACK
  Liabilities:Bar:Members:Thequux      1 SNACK
  Liabilities:Bar:Members:Thequux   1.80 EUR  
  Income:Bar                       -1.80 EUR  

2021-06-22 txn "TQ bought 1 items for €1.50"
  timestamp: "2021-06-22 15:17:19.469631"
  type: "purchase"
  Assets:Inventory:Bar                -1 COKE
  Liabilities:Bar:Members:Thequux      1 COKE
  Liabilities:Bar:Members:Thequux   1.50 EUR 
  Income:Bar                       -1.50 EUR 

2021-06-22 txn "Sander bought 1 items for €1.50"
  timestamp: "2021-06-22 15:17:23.100692"
  type: "purchase"
  Assets:Inventory:Bar               -1 COKE
  Liabilities:Bar:Members:Sander      1 COKE
  Liabilities:Bar:Members:Sander   1.50 EUR 
  Income:Bar                      -1.50 EUR 

2021-06-22 txn "Ljaytee bought 2 items for €2.10"
  timestamp: "2021-06-22 15:44:16.665719"
  type: "purchase"
  Assets:Inventory:Bar                -1 COKE
  Liabilities:Bar:Members:Ljaytee      1 COKE
  Assets:Inventory:Bar                -1 LION
  Liabilities:Bar:Members:Ljaytee      1 LION
  Liabilities:Bar:Members:Ljaytee   2.10 EUR 
  Income:Bar                       -2.10 EUR 

2021-06-22 txn "Ljaytee bought 1 items for €0.60"
  timestamp: "2021-06-22 15:45:17.942131"
  type: "purchase"
  Assets:Inventory:Bar                -1 SNACK
  Liabilities:Bar:Members:Ljaytee      1 SNACK
  Liabilities:Bar:Members:Ljaytee   0.60 EUR  
  Income:Bar                       -0.60 EUR  

2021-06-22 txn "Ljaytee bought 2 items for €2.10"
  timestamp: "2021-06-22 17:31:31.883984"
  type: "purchase"
  Assets:Inventory:Bar                -1 COKE
  Liabilities:Bar:Members:Ljaytee      1 COKE
  Assets:Inventory:Bar                -1 TWIX
  Liabilities:Bar:Members:Ljaytee      1 TWIX
  Liabilities:Bar:Members:Ljaytee   2.10 EUR 
  Income:Bar                       -2.10 EUR 

2021-06-22 txn "Carro​armato0 bought 2 items for €1.20"
  timestamp: "2021-06-22 17:52:18.255783"
  type: "purchase"
  Assets:Inventory:Bar                     -1 LION    
  Liabilities:Bar:Members:Carroarmato0      1 LION    
  Assets:Inventory:Bar                     -1 SNICKERS
  Liabilities:Bar:Members:Carroarmato0      1 SNICKERS
  Liabilities:Bar:Members:Carroarmato0   1.20 EUR     
  Income:Bar                            -1.20 EUR     

2021-06-22 txn "qwaxys bought 1 items for €0.60"
  timestamp: "2021-06-22 17:58:30.202807"
  type: "purchase"
  Assets:Inventory:Bar             -1 LION
  Liabilities:Bar:Members:Bart      1 LION
  Liabilities:Bar:Members:Bart   0.60 EUR 
  Income:Bar                    -0.60 EUR 

2021-06-22 txn "Sander bought 1 items for €0.60"
  timestamp: "2021-06-22 18:21:00.060930"
  type: "purchase"
  Assets:Inventory:Bar               -1 BOUNTY
  Liabilities:Bar:Members:Sander      1 BOUNTY
  Liabilities:Bar:Members:Sander   0.60 EUR   
  Income:Bar                      -0.60 EUR   

2021-06-22 txn "Sander bought 1 items for €0.30"
  timestamp: "2021-06-22 18:22:45.158571"
  type: "purchase"
  Assets:Inventory:Bar               -1 CHIP
  Liabilities:Bar:Members:Sander      1 CHIP
  Liabilities:Bar:Members:Sander   0.30 EUR 
  Income:Bar                      -0.30 EUR 

2021-06-22 txn "Carro​armato0 bought 2 items for €2.10"
  timestamp: "2021-06-22 20:51:51.467765"
  type: "purchase"
  Assets:Inventory:Bar                     -1 ICETEA
  Liabilities:Bar:Members:Carroarmato0      1 ICETEA
  Assets:Inventory:Bar                     -1 MNM   
  Liabilities:Bar:Members:Carroarmato0      1 MNM   
  Liabilities:Bar:Members:Carroarmato0   2.10 EUR   
  Income:Bar                            -2.10 EUR   

2021-06-23 txn "Ljaytee deposited €21.00"
  timestamp: "2021-06-23 12:46:14.024581"
  type: "deposit"
  Liabilities:Bar:Members:Ljaytee  -21.00 EUR
  Assets:Cash:Bar                   21.00 EUR

2021-06-23 txn "Ljaytee bought 2 items for €2.10"
  timestamp: "2021-06-23 12:47:41.502186"
  type: "purchase"
  Assets:Inventory:Bar                -1 COKE
  Liabilities:Bar:Members:Ljaytee      1 COKE
  Assets:Inventory:Bar                -1 TWIX
  Liabilities:Bar:Members:Ljaytee      1 TWIX
  Liabilities:Bar:Members:Ljaytee   2.10 EUR 
  Income:Bar                       -2.10 EUR 

2021-06-23 txn "TQ bought 1 items for €0.30"
  timestamp: "2021-06-23 13:08:34.483898"
  type: "purchase"
  Assets:Inventory:Bar                -1 CHIP
  Liabilities:Bar:Members:Thequux      1 CHIP
  Liabilities:Bar:Members:Thequux   0.30 EUR 
  Income:Bar                       -0.30 EUR 

2021-06-23 txn "TQ bought 2 items for €3.50"
  timestamp: "2021-06-23 14:45:02.475403"
  type: "purchase"
  Assets:Inventory:Bar                -1 CIDER
  Liabilities:Bar:Members:Thequux      1 CIDER
  Assets:Inventory:Bar                -1 COKE 
  Liabilities:Bar:Members:Thequux      1 COKE 
  Liabilities:Bar:Members:Thequux   3.50 EUR  
  Income:Bar                       -3.50 EUR  

2021-06-24 txn "Yvan bought 3 items for €2.70"
  timestamp: "2021-06-24 08:16:35.291963"
  type: "purchase"
  Assets:Inventory:Bar             -1 ICETEA
  Liabilities:Bar:Members:Yvan      1 ICETEA
  Assets:Inventory:Bar             -2 SNACK 
  Liabilities:Bar:Members:Yvan      2 SNACK 
  Liabilities:Bar:Members:Yvan   2.70 EUR   
  Income:Bar                    -2.70 EUR   

2021-06-24 txn "TQ bought 1 items for €1.50"
  timestamp: "2021-06-24 09:47:27.031598"
  type: "purchase"
  Assets:Inventory:Bar                -1 COKE
  Liabilities:Bar:Members:Thequux      1 COKE
  Liabilities:Bar:Members:Thequux   1.50 EUR 
  Income:Bar                       -1.50 EUR 

2021-06-24 txn "Miker bought 1 items for €1.50"
  timestamp: "2021-06-24 12:34:24.684737"
  type: "purchase"
  Assets:Inventory:Bar              -1 ICETEA_ZERO
  Liabilities:Bar:Members:Miker      1 ICETEA_ZERO
  Liabilities:Bar:Members:Miker   1.50 EUR        
  Income:Bar                     -1.50 EUR        

2021-06-24 txn "Yvan bought 2 items for €2.10"
  timestamp: "2021-06-24 12:37:08.940025"
  type: "purchase"
  Assets:Inventory:Bar             -1 ICETEA
  Liabilities:Bar:Members:Yvan      1 ICETEA
  Assets:Inventory:Bar             -1 TWIX  
  Liabilities:Bar:Members:Yvan      1 TWIX  
  Liabilities:Bar:Members:Yvan   2.10 EUR   
  Income:Bar                    -2.10 EUR   

2021-06-24 txn "Ljaytee bought 2 items for €2.10"
  timestamp: "2021-06-24 13:20:00.276803"
  type: "purchase"
  Assets:Inventory:Bar                -1 COKE
  Liabilities:Bar:Members:Ljaytee      1 COKE
  Assets:Inventory:Bar                -1 LION
  Liabilities:Bar:Members:Ljaytee      1 LION
  Liabilities:Bar:Members:Ljaytee   2.10 EUR 
  Income:Bar                       -2.10 EUR 

2021-06-24 txn "Ljaytee bought 2 items for €0.90"
  timestamp: "2021-06-24 13:52:14.245359"
  type: "purchase"
  Assets:Inventory:Bar                -1 TWIX
  Liabilities:Bar:Members:Ljaytee      1 TWIX
  Assets:Inventory:Bar                -1 CHIP
  Liabilities:Bar:Members:Ljaytee      1 CHIP
  Liabilities:Bar:Members:Ljaytee   0.90 EUR 
  Income:Bar                       -0.90 EUR 

2021-06-24 txn "Carro​armato0 bought 2 items for €1.20"
  timestamp: "2021-06-24 14:01:02.491908"
  type: "purchase"
  Assets:Inventory:Bar                     -1 SNACK 
  Liabilities:Bar:Members:Carroarmato0      1 SNACK 
  Assets:Inventory:Bar                     -1 BOUNTY
  Liabilities:Bar:Members:Carroarmato0      1 BOUNTY
  Liabilities:Bar:Members:Carroarmato0   1.20 EUR   
  Income:Bar                            -1.20 EUR   

2021-06-24 txn "Carro​armato0 bought 1 items for €0.60"
  timestamp: "2021-06-24 14:33:51.480893"
  type: "purchase"
  Assets:Inventory:Bar                     -1 SNICKERS
  Liabilities:Bar:Members:Carroarmato0      1 SNICKERS
  Liabilities:Bar:Members:Carroarmato0   0.60 EUR     
  Income:Bar                            -0.60 EUR     

2021-06-24 txn "Ljaytee bought 1 items for €0.60"
  timestamp: "2021-06-24 15:07:21.658733"
  type: "purchase"
  Assets:Inventory:Bar                -1 SNACK
  Liabilities:Bar:Members:Ljaytee      1 SNACK
  Liabilities:Bar:Members:Ljaytee   0.60 EUR  
  Income:Bar                       -0.60 EUR  

2021-06-24 txn "Alex bought 1 items for €0.60"
  timestamp: "2021-06-24 15:29:47.157219"
  type: "purchase"
  Assets:Inventory:Bar             -1 BOUNTY
  Liabilities:Bar:Members:Alex      1 BOUNTY
  Liabilities:Bar:Members:Alex   0.60 EUR   
  Income:Bar                    -0.60 EUR   

2021-06-24 txn "Alex bought 2 items for €3.00"
  timestamp: "2021-06-24 15:29:52.851839"
  type: "purchase"
  Assets:Inventory:Bar             -2 COKE_ZERO
  Liabilities:Bar:Members:Alex      2 COKE_ZERO
  Liabilities:Bar:Members:Alex   3.00 EUR      
  Income:Bar                    -3.00 EUR      

2021-06-24 txn "TQ bought 1 items for €1.50"
  timestamp: "2021-06-24 16:11:11.638159"
  type: "purchase"
  Assets:Inventory:Bar                -1 HG 
  Liabilities:Bar:Members:Thequux      1 HG 
  Liabilities:Bar:Members:Thequux   1.50 EUR
  Income:Bar                       -1.50 EUR

2021-06-24 txn "Yvan bought 1 items for €1.50"
  timestamp: "2021-06-24 16:26:32.471630"
  type: "purchase"
  Assets:Inventory:Bar             -1 ICETEA
  Liabilities:Bar:Members:Yvan      1 ICETEA
  Liabilities:Bar:Members:Yvan   1.50 EUR   
  Income:Bar                    -1.50 EUR   

2021-06-24 txn "qwaxys bought 1 items for €1.50"
  timestamp: "2021-06-24 16:46:49.036861"
  type: "purchase"
  Assets:Inventory:Bar             -1 JUPILER
  Liabilities:Bar:Members:Bart      1 JUPILER
  Liabilities:Bar:Members:Bart   1.50 EUR    
  Income:Bar                    -1.50 EUR    

2021-06-24 txn "Merlijn bought 1 items for €1.50"
  timestamp: "2021-06-24 17:02:43.223858"
  type: "purchase"
  Assets:Inventory:Bar                -1 ICETEA_ZERO
  Liabilities:Bar:Members:Merlijn      1 ICETEA_ZERO
  Liabilities:Bar:Members:Merlijn   1.50 EUR        
  Income:Bar                       -1.50 EUR        

2021-06-24 txn "qwaxys bought 1 items for €1.50"
  timestamp: "2021-06-24 17:12:15.519352"
  type: "purchase"
  Assets:Inventory:Bar             -1 JUPILER
  Liabilities:Bar:Members:Bart      1 JUPILER
  Liabilities:Bar:Members:Bart   1.50 EUR    
  Income:Bar                    -1.50 EUR    

2021-06-24 txn "Carro​armato0 bought 2 items for €2.10"
  timestamp: "2021-06-24 17:22:39.486818"
  type: "purchase"
  Assets:Inventory:Bar                     -1 ICETEA
  Liabilities:Bar:Members:Carroarmato0      1 ICETEA
  Assets:Inventory:Bar                     -1 MNM   
  Liabilities:Bar:Members:Carroarmato0      1 MNM   
  Liabilities:Bar:Members:Carroarmato0   2.10 EUR   
  Income:Bar                            -2.10 EUR   

2021-06-24 txn "TQ bought 1 items for €2.00"
  timestamp: "2021-06-24 17:27:38.879640"
  type: "purchase"
  Assets:Inventory:Bar                -1 CIDER
  Liabilities:Bar:Members:Thequux      1 CIDER
  Liabilities:Bar:Members:Thequux   2.00 EUR  
  Income:Bar                       -2.00 EUR  

2021-06-24 txn "qwaxys bought 1 items for €1.50"
  timestamp: "2021-06-24 17:57:28.147653"
  type: "purchase"
  Assets:Inventory:Bar             -1 JUPILER
  Liabilities:Bar:Members:Bart      1 JUPILER
  Liabilities:Bar:Members:Bart   1.50 EUR    
  Income:Bar                    -1.50 EUR    

2021-06-24 txn "Els bought 1 items for €1.50"
  timestamp: "2021-06-24 18:30:41.966203"
  type: "purchase"
  Assets:Inventory:Bar            -1 ICETEA
  Liabilities:Bar:Members:Els      1 ICETEA
  Liabilities:Bar:Members:Els   1.50 EUR   
  Income:Bar                   -1.50 EUR   

2021-06-24 txn "Merlijn bought 1 items for €0.60"
  timestamp: "2021-06-24 18:31:01.551895"
  type: "purchase"
  Assets:Inventory:Bar                -1 TWIX
  Liabilities:Bar:Members:Merlijn      1 TWIX
  Liabilities:Bar:Members:Merlijn   0.60 EUR 
  Income:Bar                       -0.60 EUR 

2021-06-24 txn "Stefaan deposited €5.00"
  timestamp: "2021-06-24 18:45:19.607445"
  type: "deposit"
  Liabilities:Bar:Members:Stefaan  -5.00 EUR
  Assets:Cash:Bar                   5.00 EUR

2021-06-24 txn "Stefaan bought 1 items for €0.60"
  timestamp: "2021-06-24 18:46:27.840942"
  type: "purchase"
  Assets:Inventory:Bar                -1 SNICKERS
  Liabilities:Bar:Members:Stefaan      1 SNICKERS
  Liabilities:Bar:Members:Stefaan   0.60 EUR     
  Income:Bar                       -0.60 EUR     

2021-06-24 txn "Els bought 1 items for €1.50"
  timestamp: "2021-06-24 18:52:32.121073"
  type: "purchase"
  Assets:Inventory:Bar            -1 ICETEA
  Liabilities:Bar:Members:Els      1 ICETEA
  Liabilities:Bar:Members:Els   1.50 EUR   
  Income:Bar                   -1.50 EUR   

2021-06-24 txn "Carro​armato0 bought 2 items for €2.10"
  timestamp: "2021-06-24 18:58:09.759629"
  type: "purchase"
  Assets:Inventory:Bar                     -1 TWIX     
  Liabilities:Bar:Members:Carroarmato0      1 TWIX     
  Assets:Inventory:Bar                     -1 COKE_ZERO
  Liabilities:Bar:Members:Carroarmato0      1 COKE_ZERO
  Liabilities:Bar:Members:Carroarmato0   2.10 EUR      
  Income:Bar                            -2.10 EUR      

2021-06-24 txn "Els bought 1 items for €2.00"
  timestamp: "2021-06-24 19:16:20.991632"
  type: "purchase"
  Assets:Inventory:Bar            -1 CIDER
  Liabilities:Bar:Members:Els      1 CIDER
  Liabilities:Bar:Members:Els   2.00 EUR  
  Income:Bar                   -2.00 EUR  

2021-06-24 txn "qwaxys bought 1 items for €1.50"
  timestamp: "2021-06-24 19:22:47.624090"
  type: "purchase"
  Assets:Inventory:Bar             -1 JUPILER
  Liabilities:Bar:Members:Bart      1 JUPILER
  Liabilities:Bar:Members:Bart   1.50 EUR    
  Income:Bar                    -1.50 EUR    

2021-06-24 txn "Evils bought 2 items for €1.20"
  timestamp: "2021-06-24 19:24:48.211280"
  type: "purchase"
  Assets:Inventory:Bar              -1 SNACK 
  Liabilities:Bar:Members:Elvis      1 SNACK 
  Assets:Inventory:Bar              -1 BOUNTY
  Liabilities:Bar:Members:Elvis      1 BOUNTY
  Liabilities:Bar:Members:Elvis   1.20 EUR   
  Income:Bar                     -1.20 EUR   

2021-06-24 txn "TQ gave Evils a gift of €62.00"
  timestamp: "2021-06-24 19:28:38.637128"
  type: "transfer"
  Liabilities:Bar:Members:Thequux   62.00 EUR
  Liabilities:Bar:Members:Elvis    -62.00 EUR

2021-06-24 txn "Merlijn bought 1 items for €2.00"
  timestamp: "2021-06-24 19:35:18.311639"
  type: "purchase"
  Assets:Inventory:Bar                -1 CIDER
  Liabilities:Bar:Members:Merlijn      1 CIDER
  Liabilities:Bar:Members:Merlijn   2.00 EUR  
  Income:Bar                       -2.00 EUR  

2021-06-24 txn "Merlijn deposited €20.00"
  timestamp: "2021-06-24 19:36:15.516633"
  type: "deposit"
  Liabilities:Bar:Members:Merlijn  -20.00 EUR
  Assets:Cash:Bar                   20.00 EUR

2021-06-24 txn "Merlijn bought 1 items for €1.00"
  timestamp: "2021-06-24 20:08:02.448724"
  type: "purchase"
  Assets:Inventory:Bar                -1 ICE_CREAM
  Liabilities:Bar:Members:Merlijn      1 ICE_CREAM
  Liabilities:Bar:Members:Merlijn   1.00 EUR      
  Income:Bar                       -1.00 EUR      

2021-06-24 txn "TQ bought 1 items for €1.50"
  timestamp: "2021-06-24 20:44:39.827496"
  type: "purchase"
  Assets:Inventory:Bar                -1 HG 
  Liabilities:Bar:Members:Thequux      1 HG 
  Liabilities:Bar:Members:Thequux   1.50 EUR
  Income:Bar                       -1.50 EUR

2021-06-24 txn "Stefaan bought 1 items for €0.60"
  timestamp: "2021-06-24 21:09:46.474098"
  type: "purchase"
  Assets:Inventory:Bar                -1 MNM
  Liabilities:Bar:Members:Stefaan      1 MNM
  Liabilities:Bar:Members:Stefaan   0.60 EUR
  Income:Bar                       -0.60 EUR

2021-06-24 txn "Els bought 1 items for €0.60"
  timestamp: "2021-06-24 21:14:44.823979"
  type: "purchase"
  Assets:Inventory:Bar            -1 TWIX
  Liabilities:Bar:Members:Els      1 TWIX
  Liabilities:Bar:Members:Els   0.60 EUR 
  Income:Bar                   -0.60 EUR 

2021-06-24 txn "Ljaytee bought 1 items for €2.00"
  timestamp: "2021-06-24 21:54:32.332746"
  type: "purchase"
  Assets:Inventory:Bar                -1 CIDER
  Liabilities:Bar:Members:Ljaytee      1 CIDER
  Liabilities:Bar:Members:Ljaytee   2.00 EUR  
  Income:Bar                       -2.00 EUR  

2021-06-24 txn "Els bought 1 items for €0.30"
  timestamp: "2021-06-24 21:58:16.864751"
  type: "purchase"
  Assets:Inventory:Bar            -1 CHIP
  Liabilities:Bar:Members:Els      1 CHIP
  Liabilities:Bar:Members:Els   0.30 EUR 
  Income:Bar                   -0.30 EUR 

2021-06-24 txn "Evils bought 4 items for €2.40"
  timestamp: "2021-06-24 23:26:25.899686"
  type: "purchase"
  Assets:Inventory:Bar              -4 SNACK
  Liabilities:Bar:Members:Elvis      4 SNACK
  Liabilities:Bar:Members:Elvis   2.40 EUR  
  Income:Bar                     -2.40 EUR  

2021-06-25 txn "Yvan bought 3 items for €2.70"
  timestamp: "2021-06-25 08:09:58.738960"
  type: "purchase"
  Assets:Inventory:Bar             -1 COKE_ZERO
  Liabilities:Bar:Members:Yvan      1 COKE_ZERO
  Assets:Inventory:Bar             -2 SNACK    
  Liabilities:Bar:Members:Yvan      2 SNACK    
  Liabilities:Bar:Members:Yvan   2.70 EUR      
  Income:Bar                    -2.70 EUR      

2021-06-25 txn "TQ bought 2 items for €1.20"
  timestamp: "2021-06-25 09:48:28.598704"
  type: "purchase"
  Assets:Inventory:Bar                -2 MNM
  Liabilities:Bar:Members:Thequux      2 MNM
  Liabilities:Bar:Members:Thequux   1.20 EUR
  Income:Bar                       -1.20 EUR

2021-06-25 txn "Yvan bought 2 items for €2.10"
  timestamp: "2021-06-25 12:39:23.239911"
  type: "purchase"
  Assets:Inventory:Bar             -1 COKE    
  Liabilities:Bar:Members:Yvan      1 COKE    
  Assets:Inventory:Bar             -1 SNICKERS
  Liabilities:Bar:Members:Yvan      1 SNICKERS
  Liabilities:Bar:Members:Yvan   2.10 EUR     
  Income:Bar                    -2.10 EUR     

2021-06-25 txn "TQ bought 1 items for €1.50"
  timestamp: "2021-06-25 13:06:55.895895"
  type: "purchase"
  Assets:Inventory:Bar                -1 ICETEA_ZERO
  Liabilities:Bar:Members:Thequux      1 ICETEA_ZERO
  Liabilities:Bar:Members:Thequux   1.50 EUR        
  Income:Bar                       -1.50 EUR        

2021-06-25 txn "Sander bought 1 items for €0.60"
  timestamp: "2021-06-25 16:00:31.096155"
  type: "purchase"
  Assets:Inventory:Bar               -1 BOUNTY
  Liabilities:Bar:Members:Sander      1 BOUNTY
  Liabilities:Bar:Members:Sander   0.60 EUR   
  Income:Bar                      -0.60 EUR   

2021-06-25 txn "Carro​armato0 bought 3 items for €2.70"
  timestamp: "2021-06-25 16:33:06.583958"
  type: "purchase"
  Assets:Inventory:Bar                     -1 COKE_ZERO
  Liabilities:Bar:Members:Carroarmato0      1 COKE_ZERO
  Assets:Inventory:Bar                     -1 MNM      
  Liabilities:Bar:Members:Carroarmato0      1 MNM      
  Assets:Inventory:Bar                     -1 TWIX     
  Liabilities:Bar:Members:Carroarmato0      1 TWIX     
  Liabilities:Bar:Members:Carroarmato0   2.70 EUR      
  Income:Bar                            -2.70 EUR      

2021-06-25 txn "Yvan bought 1 items for €1.50"
  timestamp: "2021-06-25 17:37:38.469580"
  type: "purchase"
  Assets:Inventory:Bar             -1 COKE_ZERO
  Liabilities:Bar:Members:Yvan      1 COKE_ZERO
  Liabilities:Bar:Members:Yvan   1.50 EUR      
  Income:Bar                    -1.50 EUR      

2021-06-25 txn "Sander bought 1 items for €0.60"
  timestamp: "2021-06-25 17:41:25.188842"
  type: "purchase"
  Assets:Inventory:Bar               -1 BOUNTY
  Liabilities:Bar:Members:Sander      1 BOUNTY
  Liabilities:Bar:Members:Sander   0.60 EUR   
  Income:Bar                      -0.60 EUR   

2021-06-25 txn "Yvan bought 1 items for €1.50"
  timestamp: "2021-06-25 18:39:56.779658"
  type: "purchase"
  Assets:Inventory:Bar             -1 COKE_ZERO
  Liabilities:Bar:Members:Yvan      1 COKE_ZERO
  Liabilities:Bar:Members:Yvan   1.50 EUR      
  Income:Bar                    -1.50 EUR      

2021-06-25 txn "Carro​armato0 bought 1 items for €0.30"
  timestamp: "2021-06-25 18:40:24.462425"
  type: "purchase"
  Assets:Inventory:Bar                     -1 CHIP
  Liabilities:Bar:Members:Carroarmato0      1 CHIP
  Liabilities:Bar:Members:Carroarmato0   0.30 EUR 
  Income:Bar                            -0.30 EUR 

2021-06-25 txn "Sander bought 1 items for €0.60"
  timestamp: "2021-06-25 18:49:20.697856"
  type: "purchase"
  Assets:Inventory:Bar               -1 BOUNTY
  Liabilities:Bar:Members:Sander      1 BOUNTY
  Liabilities:Bar:Members:Sander   0.60 EUR   
  Income:Bar                      -0.60 EUR   

2021-06-25 txn "Carro​armato0 bought 2 items for €1.20"
  timestamp: "2021-06-25 18:50:22.687828"
  type: "purchase"
  Assets:Inventory:Bar                     -1 SNACK
  Liabilities:Bar:Members:Carroarmato0      1 SNACK
  Assets:Inventory:Bar                     -1 TWIX 
  Liabilities:Bar:Members:Carroarmato0      1 TWIX 
  Liabilities:Bar:Members:Carroarmato0   1.20 EUR  
  Income:Bar                            -1.20 EUR  

2021-06-25 txn "Sander bought 1 items for €0.30"
  timestamp: "2021-06-25 19:06:37.483442"
  type: "purchase"
  Assets:Inventory:Bar               -1 CHIP
  Liabilities:Bar:Members:Sander      1 CHIP
  Liabilities:Bar:Members:Sander   0.30 EUR 
  Income:Bar                      -0.30 EUR 

2021-06-25 txn "Sander bought 1 items for €1.00"
  timestamp: "2021-06-25 19:43:44.487731"
  type: "purchase"
  Assets:Inventory:Bar               -1 EXPIRED_DRINK
  Liabilities:Bar:Members:Sander      1 EXPIRED_DRINK
  Liabilities:Bar:Members:Sander   1.00 EUR          
  Income:Bar                      -1.00 EUR          

2021-06-26 txn "Yvan bought 1 items for €1.50"
  timestamp: "2021-06-26 10:26:19.519348"
  type: "purchase"
  Assets:Inventory:Bar             -1 COKE_ZERO
  Liabilities:Bar:Members:Yvan      1 COKE_ZERO
  Liabilities:Bar:Members:Yvan   1.50 EUR      
  Income:Bar                    -1.50 EUR      

2021-06-26 txn "qwaxys bought 2 items for €3.50"
  timestamp: "2021-06-26 11:53:21.136560"
  type: "purchase"
  Assets:Inventory:Bar             -1 CIDER 
  Liabilities:Bar:Members:Bart      1 CIDER 
  Assets:Inventory:Bar             -1 ICETEA
  Liabilities:Bar:Members:Bart      1 ICETEA
  Liabilities:Bar:Members:Bart   3.50 EUR   
  Income:Bar                    -3.50 EUR   

2021-06-26 txn "Yvan bought 2 items for €1.20"
  timestamp: "2021-06-26 12:53:27.147273"
  type: "purchase"
  Assets:Inventory:Bar             -1 TWIX  
  Liabilities:Bar:Members:Yvan      1 TWIX  
  Assets:Inventory:Bar             -1 BOUNTY
  Liabilities:Bar:Members:Yvan      1 BOUNTY
  Liabilities:Bar:Members:Yvan   1.20 EUR   
  Income:Bar                    -1.20 EUR   

2021-06-26 txn "Yvan bought 1 items for €0.60"
  timestamp: "2021-06-26 16:17:31.694704"
  type: "purchase"
  Assets:Inventory:Bar             -1 SNACK
  Liabilities:Bar:Members:Yvan      1 SNACK
  Liabilities:Bar:Members:Yvan   0.60 EUR  
  Income:Bar                    -0.60 EUR  

2021-06-26 txn "Sander bought 1 items for €0.60"
  timestamp: "2021-06-26 16:24:46.783606"
  type: "purchase"
  Assets:Inventory:Bar               -1 TWIX
  Liabilities:Bar:Members:Sander      1 TWIX
  Liabilities:Bar:Members:Sander   0.60 EUR 
  Income:Bar                      -0.60 EUR 

2021-06-26 txn "Sander bought 1 items for €1.00"
  timestamp: "2021-06-26 16:43:20.832015"
  type: "purchase"
  Assets:Inventory:Bar               -1 EXPIRED_DRINK
  Liabilities:Bar:Members:Sander      1 EXPIRED_DRINK
  Liabilities:Bar:Members:Sander   1.00 EUR          
  Income:Bar                      -1.00 EUR          

2021-06-26 txn "qwaxys bought 1 items for €1.50"
  timestamp: "2021-06-26 17:29:41.803689"
  type: "purchase"
  Assets:Inventory:Bar             -1 HG 
  Liabilities:Bar:Members:Bart      1 HG 
  Liabilities:Bar:Members:Bart   1.50 EUR
  Income:Bar                    -1.50 EUR

2021-06-26 txn "Yvan bought 1 items for €1.50"
  timestamp: "2021-06-26 17:43:42.209206"
  type: "purchase"
  Assets:Inventory:Bar             -1 COKE_ZERO
  Liabilities:Bar:Members:Yvan      1 COKE_ZERO
  Liabilities:Bar:Members:Yvan   1.50 EUR      
  Income:Bar                    -1.50 EUR      

2021-06-26 txn "qwaxys bought 1 items for €0.60"
  timestamp: "2021-06-26 19:25:34.725482"
  type: "purchase"
  Assets:Inventory:Bar             -1 SNICKERS
  Liabilities:Bar:Members:Bart      1 SNICKERS
  Liabilities:Bar:Members:Bart   0.60 EUR     
  Income:Bar                    -0.60 EUR     

2021-06-27 txn "qwaxys bought 1 items for €1.50"
  timestamp: "2021-06-27 14:38:17.738693"
  type: "purchase"
  Assets:Inventory:Bar             -1 ICETEA_ZERO
  Liabilities:Bar:Members:Bart      1 ICETEA_ZERO
  Liabilities:Bar:Members:Bart   1.50 EUR        
  Income:Bar                    -1.50 EUR        

2021-06-27 txn "qwaxys bought 2 items for €3.00"
  timestamp: "2021-06-27 17:08:32.056465"
  type: "purchase"
  Assets:Inventory:Bar             -2 ICETEA
  Liabilities:Bar:Members:Bart      2 ICETEA
  Liabilities:Bar:Members:Bart   3.00 EUR   
  Income:Bar                    -3.00 EUR   

2021-06-27 txn "qwaxys bought 1 items for €0.60"
  timestamp: "2021-06-27 18:10:44.477794"
  type: "purchase"
  Assets:Inventory:Bar             -1 ICE_CREAM
  Liabilities:Bar:Members:Bart      1 ICE_CREAM
  Liabilities:Bar:Members:Bart   0.60 EUR      
  Income:Bar                    -0.60 EUR      

2021-06-28 txn "Yvan bought 2 items for €1.20"
  timestamp: "2021-06-28 11:20:30.027908"
  type: "purchase"
  Assets:Inventory:Bar             -2 TWIX
  Liabilities:Bar:Members:Yvan      2 TWIX
  Liabilities:Bar:Members:Yvan   1.20 EUR 
  Income:Bar                    -1.20 EUR 

2021-06-28 txn "Carro​armato0 bought 1 items for €0.60"
  timestamp: "2021-06-28 16:14:04.192221"
  type: "purchase"
  Assets:Inventory:Bar                     -1 SNICKERS
  Liabilities:Bar:Members:Carroarmato0      1 SNICKERS
  Liabilities:Bar:Members:Carroarmato0   0.60 EUR     
  Income:Bar                            -0.60 EUR     

2021-06-28 txn "Carro​armato0 bought 3 items for €1.80"
  timestamp: "2021-06-28 18:36:55.248173"
  type: "purchase"
  Assets:Inventory:Bar                     -2 MNM 
  Liabilities:Bar:Members:Carroarmato0      2 MNM 
  Assets:Inventory:Bar                     -1 TWIX
  Liabilities:Bar:Members:Carroarmato0      1 TWIX
  Liabilities:Bar:Members:Carroarmato0   1.80 EUR 
  Income:Bar                            -1.80 EUR 

2021-06-29 txn "qwaxys gave Yvan a gift of €11.70"
  timestamp: "2021-06-29 10:51:17.905308"
  type: "transfer"
  Liabilities:Bar:Members:Bart   11.70 EUR
  Liabilities:Bar:Members:Yvan  -11.70 EUR

2021-06-29 txn "Yvan bought 2 items for €1.20"
  timestamp: "2021-06-29 14:36:28.009103"
  type: "purchase"
  Assets:Inventory:Bar             -2 TWIX
  Liabilities:Bar:Members:Yvan      2 TWIX
  Liabilities:Bar:Members:Yvan   1.20 EUR 
  Income:Bar                    -1.20 EUR 

2021-06-29 txn "Yvan bought 2 items for €1.80"
  timestamp: "2021-06-29 15:31:35.419108"
  type: "purchase"
  Assets:Inventory:Bar             -1 ICETEA
  Liabilities:Bar:Members:Yvan      1 ICETEA
  Assets:Inventory:Bar             -1 CHIP  
  Liabilities:Bar:Members:Yvan      1 CHIP  
  Liabilities:Bar:Members:Yvan   1.80 EUR   
  Income:Bar                    -1.80 EUR   

2021-06-29 txn "Yvan bought 1 items for €1.50"
  timestamp: "2021-06-29 17:03:46.941525"
  type: "purchase"
  Assets:Inventory:Bar             -1 ICETEA
  Liabilities:Bar:Members:Yvan      1 ICETEA
  Liabilities:Bar:Members:Yvan   1.50 EUR   
  Income:Bar                    -1.50 EUR   

2021-06-29 txn "qwaxys bought 2 items for €1.20"
  timestamp: "2021-06-29 19:31:48.210033"
  type: "purchase"
  Assets:Inventory:Bar             -1 MNM  
  Liabilities:Bar:Members:Bart      1 MNM  
  Assets:Inventory:Bar             -1 SNACK
  Liabilities:Bar:Members:Bart      1 SNACK
  Liabilities:Bar:Members:Bart   1.20 EUR  
  Income:Bar                    -1.20 EUR  

2021-06-30 txn "Yvan bought 1 items for €1.50"
  timestamp: "2021-06-30 08:01:18.686262"
  type: "purchase"
  Assets:Inventory:Bar             -1 ICETEA
  Liabilities:Bar:Members:Yvan      1 ICETEA
  Liabilities:Bar:Members:Yvan   1.50 EUR   
  Income:Bar                    -1.50 EUR   

2021-06-30 txn "Yvan bought 1 items for €0.60"
  timestamp: "2021-06-30 08:56:08.795088"
  type: "purchase"
  Assets:Inventory:Bar             -1 TWIX
  Liabilities:Bar:Members:Yvan      1 TWIX
  Liabilities:Bar:Members:Yvan   0.60 EUR 
  Income:Bar                    -0.60 EUR 

2021-06-30 txn "Yvan bought 1 items for €1.50"
  timestamp: "2021-06-30 11:27:45.603868"
  type: "purchase"
  Assets:Inventory:Bar             -1 ICETEA_ZERO
  Liabilities:Bar:Members:Yvan      1 ICETEA_ZERO
  Liabilities:Bar:Members:Yvan   1.50 EUR        
  Income:Bar                    -1.50 EUR        

2021-06-30 txn "qwaxys bought 2 items for €1.20"
  timestamp: "2021-06-30 13:39:52.152638"
  type: "purchase"
  Assets:Inventory:Bar             -1 SNACK   
  Liabilities:Bar:Members:Bart      1 SNACK   
  Assets:Inventory:Bar             -1 SNICKERS
  Liabilities:Bar:Members:Bart      1 SNICKERS
  Liabilities:Bar:Members:Bart   1.20 EUR     
  Income:Bar                    -1.20 EUR     

2021-06-30 txn "Sander bought 1 items for €0.60"
  timestamp: "2021-06-30 13:40:23.481179"
  type: "purchase"
  Assets:Inventory:Bar               -1 SNACK
  Liabilities:Bar:Members:Sander      1 SNACK
  Liabilities:Bar:Members:Sander   0.60 EUR  
  Income:Bar                      -0.60 EUR  

2021-06-30 txn "Sander deposited €20.00"
  timestamp: "2021-06-30 13:44:26.554340"
  type: "deposit"
  Liabilities:Bar:Members:Sander  -20.00 EUR
  Assets:Cash:Bar                  20.00 EUR

2021-06-30 txn "Sander bought 1 items for €1.00"
  timestamp: "2021-06-30 16:54:36.171825"
  type: "purchase"
  Assets:Inventory:Bar               -1 EXPIRED_DRINK
  Liabilities:Bar:Members:Sander      1 EXPIRED_DRINK
  Liabilities:Bar:Members:Sander   1.00 EUR          
  Income:Bar                      -1.00 EUR          

2021-07-01 txn "Yvan bought 1 items for €1.50"
  timestamp: "2021-07-01 09:18:55.439675"
  type: "purchase"
  Assets:Inventory:Bar             -1 ICETEA
  Liabilities:Bar:Members:Yvan      1 ICETEA
  Liabilities:Bar:Members:Yvan   1.50 EUR   
  Income:Bar                    -1.50 EUR   

2021-07-01 txn "Yvan bought 2 items for €2.10"
  timestamp: "2021-07-01 12:11:11.499394"
  type: "purchase"
  Assets:Inventory:Bar             -1 ICETEA
  Liabilities:Bar:Members:Yvan      1 ICETEA
  Assets:Inventory:Bar             -1 SNACK 
  Liabilities:Bar:Members:Yvan      1 SNACK 
  Liabilities:Bar:Members:Yvan   2.10 EUR   
  Income:Bar                    -2.10 EUR   

2021-07-01 txn "Yvan bought 1 items for €0.60"
  timestamp: "2021-07-01 13:06:49.534732"
  type: "purchase"
  Assets:Inventory:Bar             -1 ICE_CREAM
  Liabilities:Bar:Members:Yvan      1 ICE_CREAM
  Liabilities:Bar:Members:Yvan   0.60 EUR      
  Income:Bar                    -0.60 EUR      

2021-07-01 txn "Sander bought 1 items for €0.60"
  timestamp: "2021-07-01 13:10:02.516347"
  type: "purchase"
  Assets:Inventory:Bar               -1 ICE_CREAM
  Liabilities:Bar:Members:Sander      1 ICE_CREAM
  Liabilities:Bar:Members:Sander   0.60 EUR      
  Income:Bar                      -0.60 EUR      

2021-07-01 txn "Yvan bought 1 items for €0.60"
  timestamp: "2021-07-01 14:54:11.530710"
  type: "purchase"
  Assets:Inventory:Bar             -1 ICE_CREAM
  Liabilities:Bar:Members:Yvan      1 ICE_CREAM
  Liabilities:Bar:Members:Yvan   0.60 EUR      
  Income:Bar                    -0.60 EUR      

2021-07-01 txn "Yvan bought 1 items for €1.50"
  timestamp: "2021-07-01 15:03:11.489902"
  type: "purchase"
  Assets:Inventory:Bar             -1 ICETEA
  Liabilities:Bar:Members:Yvan      1 ICETEA
  Liabilities:Bar:Members:Yvan   1.50 EUR   
  Income:Bar                    -1.50 EUR   

2021-07-01 txn "Carro​armato0 bought 4 items for €3.30"
  timestamp: "2021-07-01 15:46:43.184043"
  type: "purchase"
  Assets:Inventory:Bar                     -1 ICETEA  
  Liabilities:Bar:Members:Carroarmato0      1 ICETEA  
  Assets:Inventory:Bar                     -1 SNICKERS
  Liabilities:Bar:Members:Carroarmato0      1 SNICKERS
  Assets:Inventory:Bar                     -2 SNACK   
  Liabilities:Bar:Members:Carroarmato0      2 SNACK   
  Liabilities:Bar:Members:Carroarmato0   3.30 EUR     
  Income:Bar                            -3.30 EUR     

2021-07-01 txn "Sasja bought 1 items for €1.50"
  timestamp: "2021-07-01 15:49:02.275679"
  type: "purchase"
  Assets:Inventory:Bar              -1 ICETEA
  Liabilities:Bar:Members:Sasja      1 ICETEA
  Liabilities:Bar:Members:Sasja   1.50 EUR   
  Income:Bar                     -1.50 EUR   

2021-07-01 txn "Sasja deposited €42.00"
  timestamp: "2021-07-01 15:51:52.423692"
  type: "deposit"
  Liabilities:Bar:Members:Sasja  -42.00 EUR
  Assets:Cash:Bar                 42.00 EUR

2021-07-01 txn "Yvan gave --CASH-- a gift of €40.00"
  timestamp: "2021-07-01 15:59:12.927848"
  type: "transfer"
  Liabilities:Bar:Members:Yvan   40.00 EUR
  Assets:Cash:Bar               -40.00 EUR

2021-07-01 txn "Bloemist bought 1 items for €1.50"
  timestamp: "2021-07-01 16:16:46.979633"
  type: "purchase"
  Assets:Inventory:Bar                 -1 JUPILER
  Liabilities:Bar:Members:Bloemist      1 JUPILER
  Liabilities:Bar:Members:Bloemist   1.50 EUR    
  Income:Bar                        -1.50 EUR    

2021-07-01 txn "Bloemist bought 1 items for €0.60"
  timestamp: "2021-07-01 16:17:29.843911"
  type: "purchase"
  Assets:Inventory:Bar                 -1 SNACK
  Liabilities:Bar:Members:Bloemist      1 SNACK
  Liabilities:Bar:Members:Bloemist   0.60 EUR  
  Income:Bar                        -0.60 EUR  

2021-07-01 txn "Sasja bought 1 items for €1.50"
  timestamp: "2021-07-01 16:18:39.616991"
  type: "purchase"
  Assets:Inventory:Bar              -1 ICETEA
  Liabilities:Bar:Members:Sasja      1 ICETEA
  Liabilities:Bar:Members:Sasja   1.50 EUR   
  Income:Bar                     -1.50 EUR   

2021-07-01 txn "Bloemist bought 1 items for €2.00"
  timestamp: "2021-07-01 16:22:03.631659"
  type: "purchase"
  Assets:Inventory:Bar                 -1 CM 
  Liabilities:Bar:Members:Bloemist      1 CM 
  Liabilities:Bar:Members:Bloemist   2.00 EUR
  Income:Bar                        -2.00 EUR

2021-07-01 txn "Bloemist deposited €60.00"
  timestamp: "2021-07-01 16:23:07.473114"
  type: "deposit"
  Liabilities:Bar:Members:Bloemist  -60.00 EUR
  Assets:Cash:Bar                    60.00 EUR

2021-07-01 txn "Sasja bought 1 items for €0.30"
  timestamp: "2021-07-01 16:32:15.694735"
  type: "purchase"
  Assets:Inventory:Bar              -1 CHIP
  Liabilities:Bar:Members:Sasja      1 CHIP
  Liabilities:Bar:Members:Sasja   0.30 EUR 
  Income:Bar                     -0.30 EUR 

2021-07-01 txn "Sasja bought 1 items for €1.50"
  timestamp: "2021-07-01 17:06:14.703006"
  type: "purchase"
  Assets:Inventory:Bar              -1 ICETEA
  Liabilities:Bar:Members:Sasja      1 ICETEA
  Liabilities:Bar:Members:Sasja   1.50 EUR   
  Income:Bar                     -1.50 EUR   

2021-07-01 txn "Bloemist bought 1 items for €1.50"
  timestamp: "2021-07-01 17:06:56.955943"
  type: "purchase"
  Assets:Inventory:Bar                 -1 COKE_ZERO
  Liabilities:Bar:Members:Bloemist      1 COKE_ZERO
  Liabilities:Bar:Members:Bloemist   1.50 EUR      
  Income:Bar                        -1.50 EUR      

2021-07-01 txn "Sander bought 1 items for €1.00"
  timestamp: "2021-07-01 17:36:38.474699"
  type: "purchase"
  Assets:Inventory:Bar               -1 EXPIRED_DRINK
  Liabilities:Bar:Members:Sander      1 EXPIRED_DRINK
  Liabilities:Bar:Members:Sander   1.00 EUR          
  Income:Bar                      -1.00 EUR          

2021-07-01 txn "Carro​armato0 bought 3 items for €1.80"
  timestamp: "2021-07-01 17:54:59.498842"
  type: "purchase"
  Assets:Inventory:Bar                     -1 MNM  
  Liabilities:Bar:Members:Carroarmato0      1 MNM  
  Assets:Inventory:Bar                     -2 SNACK
  Liabilities:Bar:Members:Carroarmato0      2 SNACK
  Liabilities:Bar:Members:Carroarmato0   1.80 EUR  
  Income:Bar                            -1.80 EUR  

2021-07-01 txn "Bloemist bought 1 items for €1.00"
  timestamp: "2021-07-01 18:03:12.578015"
  type: "purchase"
  Assets:Inventory:Bar                 -1 EXPIRED_DRINK
  Liabilities:Bar:Members:Bloemist      1 EXPIRED_DRINK
  Liabilities:Bar:Members:Bloemist   1.00 EUR          
  Income:Bar                        -1.00 EUR          

2021-07-01 txn "Bloemist bought 1 items for €0.60"
  timestamp: "2021-07-01 18:03:38.259918"
  type: "purchase"
  Assets:Inventory:Bar                 -1 SNACK
  Liabilities:Bar:Members:Bloemist      1 SNACK
  Liabilities:Bar:Members:Bloemist   0.60 EUR  
  Income:Bar                        -0.60 EUR  

2021-07-01 txn "qwaxys bought 1 items for €0.60"
  timestamp: "2021-07-01 18:35:01.482800"
  type: "purchase"
  Assets:Inventory:Bar             -1 ICE_CREAM
  Liabilities:Bar:Members:Bart      1 ICE_CREAM
  Liabilities:Bar:Members:Bart   0.60 EUR      
  Income:Bar                    -0.60 EUR      

2021-07-01 txn "Carro​armato0 bought 1 items for €0.60"
  timestamp: "2021-07-01 18:38:33.194832"
  type: "purchase"
  Assets:Inventory:Bar                     -1 ICE_CREAM
  Liabilities:Bar:Members:Carroarmato0      1 ICE_CREAM
  Liabilities:Bar:Members:Carroarmato0   0.60 EUR      
  Income:Bar                            -0.60 EUR      

2021-07-01 txn "Sasja bought 3 items for €3.30"
  timestamp: "2021-07-01 18:46:00.804016"
  type: "purchase"
  Assets:Inventory:Bar              -2 JUPILER
  Liabilities:Bar:Members:Sasja      2 JUPILER
  Assets:Inventory:Bar              -1 CHIP   
  Liabilities:Bar:Members:Sasja      1 CHIP   
  Liabilities:Bar:Members:Sasja   3.30 EUR    
  Income:Bar                     -3.30 EUR    

2021-07-01 txn "Bloemist bought 1 items for €1.00"
  timestamp: "2021-07-01 19:10:28.880649"
  type: "purchase"
  Assets:Inventory:Bar                 -1 EXPIRED_DRINK
  Liabilities:Bar:Members:Bloemist      1 EXPIRED_DRINK
  Liabilities:Bar:Members:Bloemist   1.00 EUR          
  Income:Bar                        -1.00 EUR          

2021-07-01 txn "Carro​armato0 bought 1 items for €1.50"
  timestamp: "2021-07-01 19:13:50.964146"
  type: "purchase"
  Assets:Inventory:Bar                     -1 ICETEA
  Liabilities:Bar:Members:Carroarmato0      1 ICETEA
  Liabilities:Bar:Members:Carroarmato0   1.50 EUR   
  Income:Bar                            -1.50 EUR   

2021-07-01 txn "Koen bought 1 items for €2.50"
  timestamp: "2021-07-01 19:16:28.837558"
  type: "purchase"
  Assets:Inventory:Bar             -1 DUVEL
  Liabilities:Bar:Members:Koen      1 DUVEL
  Liabilities:Bar:Members:Koen   2.50 EUR  
  Income:Bar                    -2.50 EUR  

2021-07-01 txn "Koen deposited €20.00"
  timestamp: "2021-07-01 19:17:36.440373"
  type: "deposit"
  Liabilities:Bar:Members:Koen  -20.00 EUR
  Assets:Cash:Bar                20.00 EUR

2021-07-01 txn "On8wr bought 1 items for €1.50"
  timestamp: "2021-07-01 19:19:58.981711"
  type: "purchase"
  Assets:Inventory:Bar              -1 ICETEA_ZERO
  Liabilities:Bar:Members:On8wr      1 ICETEA_ZERO
  Liabilities:Bar:Members:On8wr   1.50 EUR        
  Income:Bar                     -1.50 EUR        

2021-07-01 txn "On8wr bought 1 items for €0.30"
  timestamp: "2021-07-01 19:25:37.917268"
  type: "purchase"
  Assets:Inventory:Bar              -1 CHIP
  Liabilities:Bar:Members:On8wr      1 CHIP
  Liabilities:Bar:Members:On8wr   0.30 EUR 
  Income:Bar                     -0.30 EUR 

2021-07-01 txn "Sasja bought 2 items for €2.10"
  timestamp: "2021-07-01 19:39:12.212632"
  type: "purchase"
  Assets:Inventory:Bar              -1 MNM    
  Liabilities:Bar:Members:Sasja      1 MNM    
  Assets:Inventory:Bar              -1 JUPILER
  Liabilities:Bar:Members:Sasja      1 JUPILER
  Liabilities:Bar:Members:Sasja   2.10 EUR    
  Income:Bar                     -2.10 EUR    

2021-07-01 txn "Merlijn bought 1 items for €0.30"
  timestamp: "2021-07-01 19:42:19.165043"
  type: "purchase"
  Assets:Inventory:Bar                -1 CHIP
  Liabilities:Bar:Members:Merlijn      1 CHIP
  Liabilities:Bar:Members:Merlijn   0.30 EUR 
  Income:Bar                       -0.30 EUR 

2021-07-01 txn "Merlijn bought 1 items for €1.20"
  timestamp: "2021-07-01 19:50:27.418697"
  type: "purchase"
  Assets:Inventory:Bar                -1 CHIP
  Liabilities:Bar:Members:Merlijn      1 CHIP
  Liabilities:Bar:Members:Merlijn   1.20 EUR 
  Income:Bar                       -1.20 EUR 

2021-07-01 txn "Sander bought 1 items for €0.60"
  timestamp: "2021-07-01 19:53:47.789291"
  type: "purchase"
  Assets:Inventory:Bar               -1 EXPIRED_DRINK
  Liabilities:Bar:Members:Sander      1 EXPIRED_DRINK
  Liabilities:Bar:Members:Sander   0.60 EUR          
  Income:Bar                      -0.60 EUR          

2021-07-01 txn "Carro​armato0 bought 1 items for €1.50"
  timestamp: "2021-07-01 19:59:08.833951"
  type: "purchase"
  Assets:Inventory:Bar                     -1 JUPILER
  Liabilities:Bar:Members:Carroarmato0      1 JUPILER
  Liabilities:Bar:Members:Carroarmato0   1.50 EUR    
  Income:Bar                            -1.50 EUR    

2021-07-01 txn "Koen bought 1 items for €1.50"
  timestamp: "2021-07-01 20:03:36.454128"
  type: "purchase"
  Assets:Inventory:Bar             -1 JUPILER
  Liabilities:Bar:Members:Koen      1 JUPILER
  Liabilities:Bar:Members:Koen   1.50 EUR    
  Income:Bar                    -1.50 EUR    

2021-07-01 txn "ruleant bought 1 items for €1.50"
  timestamp: "2021-07-01 20:05:11.822126"
  type: "purchase"
  Assets:Inventory:Bar                -1 JUPILER
  Liabilities:Bar:Members:Ruleant      1 JUPILER
  Liabilities:Bar:Members:Ruleant   1.50 EUR    
  Income:Bar                       -1.50 EUR    

2021-07-01 txn "qwaxys bought 1 items for €0.60"
  timestamp: "2021-07-01 20:05:40.469029"
  type: "purchase"
  Assets:Inventory:Bar             -1 EXPIRED_DRINK
  Liabilities:Bar:Members:Bart      1 EXPIRED_DRINK
  Liabilities:Bar:Members:Bart   0.60 EUR          
  Income:Bar                    -0.60 EUR          

2021-07-01 txn "Bloemist bought 1 items for €0.60"
  timestamp: "2021-07-01 20:06:48.312949"
  type: "purchase"
  Assets:Inventory:Bar                 -1 MNM
  Liabilities:Bar:Members:Bloemist      1 MNM
  Liabilities:Bar:Members:Bloemist   0.60 EUR
  Income:Bar                        -0.60 EUR

2021-07-01 txn "Koen bought 1 items for €1.20"
  timestamp: "2021-07-01 20:18:44.751861"
  type: "purchase"
  Assets:Inventory:Bar             -1 CHIP
  Liabilities:Bar:Members:Koen      1 CHIP
  Liabilities:Bar:Members:Koen   1.20 EUR 
  Income:Bar                    -1.20 EUR 

2021-07-01 txn "On8wr bought 1 items for €1.20"
  timestamp: "2021-07-01 20:19:05.989116"
  type: "purchase"
  Assets:Inventory:Bar              -1 CHIP
  Liabilities:Bar:Members:On8wr      1 CHIP
  Liabilities:Bar:Members:On8wr   1.20 EUR 
  Income:Bar                     -1.20 EUR 

2021-07-01 txn "Sasja bought 2 items for €2.70"
  timestamp: "2021-07-01 20:23:54.723912"
  type: "purchase"
  Assets:Inventory:Bar              -1 JUPILER
  Liabilities:Bar:Members:Sasja      1 JUPILER
  Assets:Inventory:Bar              -1 CHIP   
  Liabilities:Bar:Members:Sasja      1 CHIP   
  Liabilities:Bar:Members:Sasja   2.70 EUR    
  Income:Bar                     -2.70 EUR    

2021-07-01 txn "On8wr bought 1 items for €1.20"
  timestamp: "2021-07-01 20:33:46.061733"
  type: "purchase"
  Assets:Inventory:Bar              -1 CHIP
  Liabilities:Bar:Members:On8wr      1 CHIP
  Liabilities:Bar:Members:On8wr   1.20 EUR 
  Income:Bar                     -1.20 EUR 

2021-07-01 txn "On8wr deposited €20.00"
  timestamp: "2021-07-01 20:34:39.895798"
  type: "deposit"
  Liabilities:Bar:Members:On8wr  -20.00 EUR
  Assets:Cash:Bar                 20.00 EUR

2021-07-01 txn "Koen bought 1 items for €1.50"
  timestamp: "2021-07-01 20:38:09.841861"
  type: "purchase"
  Assets:Inventory:Bar             -1 JUPILER
  Liabilities:Bar:Members:Koen      1 JUPILER
  Liabilities:Bar:Members:Koen   1.50 EUR    
  Income:Bar                    -1.50 EUR    

2021-07-01 txn "ruleant bought 1 items for €1.50"
  timestamp: "2021-07-01 21:13:30.742542"
  type: "purchase"
  Assets:Inventory:Bar                -1 JUPILER
  Liabilities:Bar:Members:Ruleant      1 JUPILER
  Liabilities:Bar:Members:Ruleant   1.50 EUR    
  Income:Bar                       -1.50 EUR    

2021-07-01 txn "Koen bought 1 items for €1.50"
  timestamp: "2021-07-01 21:13:45.086869"
  type: "purchase"
  Assets:Inventory:Bar             -1 JUPILER
  Liabilities:Bar:Members:Koen      1 JUPILER
  Liabilities:Bar:Members:Koen   1.50 EUR    
  Income:Bar                    -1.50 EUR    

2021-07-01 txn "Bloemist bought 1 items for €0.60"
  timestamp: "2021-07-01 21:34:28.199552"
  type: "purchase"
  Assets:Inventory:Bar                 -1 EXPIRED_DRINK
  Liabilities:Bar:Members:Bloemist      1 EXPIRED_DRINK
  Liabilities:Bar:Members:Bloemist   0.60 EUR          
  Income:Bar                        -0.60 EUR          

2021-07-01 txn "Bloemist bought 4 items for €6.00"
  timestamp: "2021-07-01 22:02:25.130041"
  type: "purchase"
  Assets:Inventory:Bar                 -4 COKE_ZERO
  Liabilities:Bar:Members:Bloemist      4 COKE_ZERO
  Liabilities:Bar:Members:Bloemist   6.00 EUR      
  Income:Bar                        -6.00 EUR      

2021-07-01 txn "--CASH-- bought 9 items for €11.70"
  timestamp: "2021-07-01 22:04:09.547294"
  type: "purchase"
  Assets:Inventory:Bar      -4 JUPILER      
  Assets:Cash:Bar            4 JUPILER      
  Assets:Inventory:Bar      -1 EXPIRED_DRINK
  Assets:Cash:Bar            1 EXPIRED_DRINK
  Assets:Inventory:Bar      -1 ICETEA_ZERO  
  Assets:Cash:Bar            1 ICETEA_ZERO  
  Assets:Inventory:Bar      -3 CHIP         
  Assets:Cash:Bar            3 CHIP         
  Assets:Cash:Bar        11.70 EUR          
  Income:Bar            -11.70 EUR          

2021-07-01 txn "On8wr bought 3 items for €3.60"
  timestamp: "2021-07-01 22:04:30.657869"
  type: "purchase"
  Assets:Inventory:Bar              -2 ICETEA_ZERO
  Liabilities:Bar:Members:On8wr      2 ICETEA_ZERO
  Assets:Inventory:Bar              -1 MNM        
  Liabilities:Bar:Members:On8wr      1 MNM        
  Liabilities:Bar:Members:On8wr   3.60 EUR        
  Income:Bar                     -3.60 EUR        

2021-07-01 txn "Koen bought 1 items for €1.50"
  timestamp: "2021-07-01 22:04:41.531009"
  type: "purchase"
  Assets:Inventory:Bar             -1 JUPILER
  Liabilities:Bar:Members:Koen      1 JUPILER
  Liabilities:Bar:Members:Koen   1.50 EUR    
  Income:Bar                    -1.50 EUR    

2021-07-01 txn "qwaxys bought 1 items for €1.50"
  timestamp: "2021-07-01 22:05:01.925954"
  type: "purchase"
  Assets:Inventory:Bar             -1 JUPILER
  Liabilities:Bar:Members:Bart      1 JUPILER
  Liabilities:Bar:Members:Bart   1.50 EUR    
  Income:Bar                    -1.50 EUR    

2021-07-01 txn "Sander bought 1 items for €0.60"
  timestamp: "2021-07-01 22:20:40.442624"
  type: "purchase"
  Assets:Inventory:Bar               -1 EXPIRED_DRINK
  Liabilities:Bar:Members:Sander      1 EXPIRED_DRINK
  Liabilities:Bar:Members:Sander   0.60 EUR          
  Income:Bar                      -0.60 EUR          

2021-07-01 txn "Koen bought 1 items for €1.50"
  timestamp: "2021-07-01 22:22:21.669789"
  type: "purchase"
  Assets:Inventory:Bar             -1 JUPILER
  Liabilities:Bar:Members:Koen      1 JUPILER
  Liabilities:Bar:Members:Koen   1.50 EUR    
  Income:Bar                    -1.50 EUR    

2021-07-01 txn "Evils bought 1 items for €0.70"
  timestamp: "2021-07-01 23:02:02.463280"
  type: "purchase"
  Assets:Inventory:Bar              -1 PICKUP
  Liabilities:Bar:Members:Elvis      1 PICKUP
  Liabilities:Bar:Members:Elvis   0.70 EUR   
  Income:Bar                     -0.70 EUR   

2021-07-01 txn "Evils bought 1 items for €0.70"
  timestamp: "2021-07-01 23:05:16.820726"
  type: "purchase"
  Assets:Inventory:Bar              -1 PICKUP
  Liabilities:Bar:Members:Elvis      1 PICKUP
  Liabilities:Bar:Members:Elvis   0.70 EUR   
  Income:Bar                     -0.70 EUR   

2021-07-01 txn "Sander bought 1 items for €0.60"
  timestamp: "2021-07-01 23:52:26.069326"
  type: "purchase"
  Assets:Inventory:Bar               -1 EXPIRED_DRINK
  Liabilities:Bar:Members:Sander      1 EXPIRED_DRINK
  Liabilities:Bar:Members:Sander   0.60 EUR          
  Income:Bar                      -0.60 EUR          

2021-07-02 txn "Evils bought 1 items for €0.60"
  timestamp: "2021-07-02 00:07:18.827993"
  type: "purchase"
  Assets:Inventory:Bar              -1 SNICKERS
  Liabilities:Bar:Members:Elvis      1 SNICKERS
  Liabilities:Bar:Members:Elvis   0.60 EUR     
  Income:Bar                     -0.60 EUR     

2021-07-02 txn "Evils gave TQ a gift of €1.24"
  timestamp: "2021-07-02 00:20:30.784037"
  type: "transfer"
  Liabilities:Bar:Members:Elvis     1.24 EUR
  Liabilities:Bar:Members:Thequux  -1.24 EUR

2021-07-02 txn "Yvan deposited €300.00"
  timestamp: "2021-07-02 08:42:46.134708"
  type: "deposit"
  Liabilities:Bar:Members:Yvan  -300.00 EUR
  Assets:Cash:Bar                300.00 EUR

2021-07-02 txn "Yvan bought 1 items for €1.50"
  timestamp: "2021-07-02 08:42:54.209806"
  type: "purchase"
  Assets:Inventory:Bar             -1 ICETEA
  Liabilities:Bar:Members:Yvan      1 ICETEA
  Liabilities:Bar:Members:Yvan   1.50 EUR   
  Income:Bar                    -1.50 EUR   

2021-07-02 txn "Yvan bought 1 items for €1.50"
  timestamp: "2021-07-02 10:39:28.073052"
  type: "purchase"
  Assets:Inventory:Bar             -1 ICETEA
  Liabilities:Bar:Members:Yvan      1 ICETEA
  Liabilities:Bar:Members:Yvan   1.50 EUR   
  Income:Bar                    -1.50 EUR   

2021-07-02 txn "Yvan bought 2 items for €2.70"
  timestamp: "2021-07-02 13:38:45.191926"
  type: "purchase"
  Assets:Inventory:Bar             -1 ICETEA
  Liabilities:Bar:Members:Yvan      1 ICETEA
  Assets:Inventory:Bar             -1 CHIP  
  Liabilities:Bar:Members:Yvan      1 CHIP  
  Liabilities:Bar:Members:Yvan   2.70 EUR   
  Income:Bar                    -2.70 EUR   

2021-07-02 txn "Yvan bought 1 items for €0.60"
  timestamp: "2021-07-02 15:30:07.919783"
  type: "purchase"
  Assets:Inventory:Bar             -1 ICE_CREAM
  Liabilities:Bar:Members:Yvan      1 ICE_CREAM
  Liabilities:Bar:Members:Yvan   0.60 EUR      
  Income:Bar                    -0.60 EUR      

2021-07-03 txn "Yvan bought 2 items for €2.70"
  timestamp: "2021-07-03 13:52:12.317850"
  type: "purchase"
  Assets:Inventory:Bar             -1 ICETEA
  Liabilities:Bar:Members:Yvan      1 ICETEA
  Assets:Inventory:Bar             -1 CHIP  
  Liabilities:Bar:Members:Yvan      1 CHIP  
  Liabilities:Bar:Members:Yvan   2.70 EUR   
  Income:Bar                    -2.70 EUR   

2021-07-03 txn "Sander bought 1 items for €0.60"
  timestamp: "2021-07-03 15:49:38.654149"
  type: "purchase"
  Assets:Inventory:Bar               -1 EXPIRED_DRINK
  Liabilities:Bar:Members:Sander      1 EXPIRED_DRINK
  Liabilities:Bar:Members:Sander   0.60 EUR          
  Income:Bar                      -0.60 EUR          

2021-07-03 txn "Yvan bought 2 items for €3.00"
  timestamp: "2021-07-03 18:12:46.720724"
  type: "purchase"
  Assets:Inventory:Bar             -2 COKE_ZERO
  Liabilities:Bar:Members:Yvan      2 COKE_ZERO
  Liabilities:Bar:Members:Yvan   3.00 EUR      
  Income:Bar                    -3.00 EUR      

2021-07-03 txn "Yvan bought 1 items for €1.50"
  timestamp: "2021-07-03 20:46:36.875137"
  type: "purchase"
  Assets:Inventory:Bar             -1 ICETEA
  Liabilities:Bar:Members:Yvan      1 ICETEA
  Liabilities:Bar:Members:Yvan   1.50 EUR   
  Income:Bar                    -1.50 EUR   

2021-07-05 txn "Yvan bought 1 items for €0.70"
  timestamp: "2021-07-05 12:42:09.544090"
  type: "purchase"
  Assets:Inventory:Bar             -1 PICKUP
  Liabilities:Bar:Members:Yvan      1 PICKUP
  Liabilities:Bar:Members:Yvan   0.70 EUR   
  Income:Bar                    -0.70 EUR   

2021-07-06 txn "Sander bought 1 items for €0.60"
  timestamp: "2021-07-06 14:23:49.483891"
  type: "purchase"
  Assets:Inventory:Bar               -1 EXPIRED_DRINK
  Liabilities:Bar:Members:Sander      1 EXPIRED_DRINK
  Liabilities:Bar:Members:Sander   0.60 EUR          
  Income:Bar                      -0.60 EUR          

2021-07-06 txn "Sander bought 1 items for €0.60"
  timestamp: "2021-07-06 16:43:45.279381"
  type: "purchase"
  Assets:Inventory:Bar               -1 EXPIRED_DRINK
  Liabilities:Bar:Members:Sander      1 EXPIRED_DRINK
  Liabilities:Bar:Members:Sander   0.60 EUR          
  Income:Bar                      -0.60 EUR          

2021-07-06 txn "Sander bought 1 items for €0.60"
  timestamp: "2021-07-06 18:36:30.483934"
  type: "purchase"
  Assets:Inventory:Bar               -1 EXPIRED_DRINK
  Liabilities:Bar:Members:Sander      1 EXPIRED_DRINK
  Liabilities:Bar:Members:Sander   0.60 EUR          
  Income:Bar                      -0.60 EUR          

2021-07-07 txn "Carro​armato0 bought 4 items for €3.30"
  timestamp: "2021-07-07 08:10:50.647636"
  type: "purchase"
  Assets:Inventory:Bar                     -1 ICETEA  
  Liabilities:Bar:Members:Carroarmato0      1 ICETEA  
  Assets:Inventory:Bar                     -2 SNACK   
  Liabilities:Bar:Members:Carroarmato0      2 SNACK   
  Assets:Inventory:Bar                     -1 SNICKERS
  Liabilities:Bar:Members:Carroarmato0      1 SNICKERS
  Liabilities:Bar:Members:Carroarmato0   3.30 EUR     
  Income:Bar                            -3.30 EUR     

2021-07-07 txn "Carro​armato0 bought 2 items for €2.10"
  timestamp: "2021-07-07 10:09:20.032031"
  type: "purchase"
  Assets:Inventory:Bar                     -1 ICETEA
  Liabilities:Bar:Members:Carroarmato0      1 ICETEA
  Assets:Inventory:Bar                     -1 SNACK 
  Liabilities:Bar:Members:Carroarmato0      1 SNACK 
  Liabilities:Bar:Members:Carroarmato0   2.10 EUR   
  Income:Bar                            -2.10 EUR   

2021-07-07 txn "Carro​armato0 bought 1 items for €0.60"
  timestamp: "2021-07-07 10:57:41.613768"
  type: "purchase"
  Assets:Inventory:Bar                     -1 MNM
  Liabilities:Bar:Members:Carroarmato0      1 MNM
  Liabilities:Bar:Members:Carroarmato0   0.60 EUR
  Income:Bar                            -0.60 EUR

2021-07-07 txn "Ljaytee deposited €13.90"
  timestamp: "2021-07-07 11:03:46.899227"
  type: "deposit"
  Liabilities:Bar:Members:Ljaytee  -13.90 EUR
  Assets:Cash:Bar                   13.90 EUR

2021-07-07 txn "Ljaytee bought 2 items for €4.00"
  timestamp: "2021-07-07 11:04:08.211855"
  type: "purchase"
  Assets:Inventory:Bar                -1 CM   
  Liabilities:Bar:Members:Ljaytee      1 CM   
  Assets:Inventory:Bar                -1 FRITZ
  Liabilities:Bar:Members:Ljaytee      1 FRITZ
  Liabilities:Bar:Members:Ljaytee   4.00 EUR  
  Income:Bar                       -4.00 EUR  

2021-07-07 txn "Carro​armato0 bought 1 items for €1.50"
  timestamp: "2021-07-07 12:04:56.267549"
  type: "purchase"
  Assets:Inventory:Bar                     -1 ICETEA
  Liabilities:Bar:Members:Carroarmato0      1 ICETEA
  Liabilities:Bar:Members:Carroarmato0   1.50 EUR   
  Income:Bar                            -1.50 EUR   

2021-07-07 txn "qwaxys bought 1 items for €0.60"
  timestamp: "2021-07-07 12:35:25.965799"
  type: "purchase"
  Assets:Inventory:Bar             -1 ICE_CREAM
  Liabilities:Bar:Members:Bart      1 ICE_CREAM
  Liabilities:Bar:Members:Bart   0.60 EUR      
  Income:Bar                    -0.60 EUR      

2021-07-07 txn "Carro​armato0 bought 1 items for €0.60"
  timestamp: "2021-07-07 12:43:33.587431"
  type: "purchase"
  Assets:Inventory:Bar                     -1 ICE_CREAM
  Liabilities:Bar:Members:Carroarmato0      1 ICE_CREAM
  Liabilities:Bar:Members:Carroarmato0   0.60 EUR      
  Income:Bar                            -0.60 EUR      

2021-07-07 txn "Ljaytee bought 2 items for €3.50"
  timestamp: "2021-07-07 13:17:05.486256"
  type: "purchase"
  Assets:Inventory:Bar                -1 ICETEA
  Liabilities:Bar:Members:Ljaytee      1 ICETEA
  Assets:Inventory:Bar                -1 CM    
  Liabilities:Bar:Members:Ljaytee      1 CM    
  Liabilities:Bar:Members:Ljaytee   3.50 EUR   
  Income:Bar                       -3.50 EUR   

2021-07-07 txn "TQ gave Evils a gift of €14.00"
  timestamp: "2021-07-07 13:55:27.779963"
  type: "transfer"
  Liabilities:Bar:Members:Thequux   14.00 EUR
  Liabilities:Bar:Members:Elvis    -14.00 EUR

2021-07-07 txn "Evils gave Carro​armato0 a gift of €100.00"
  timestamp: "2021-07-07 13:56:06.486773"
  type: "transfer"
  Liabilities:Bar:Members:Elvis          100.00 EUR
  Liabilities:Bar:Members:Carroarmato0  -100.00 EUR

2021-07-07 txn "TQ bought 1 items for €0.60"
  timestamp: "2021-07-07 19:25:26.023880"
  type: "purchase"
  Assets:Inventory:Bar                -1 MNM
  Liabilities:Bar:Members:Thequux      1 MNM
  Liabilities:Bar:Members:Thequux   0.60 EUR
  Income:Bar                       -0.60 EUR

2021-07-08 txn "Yvan bought 1 items for €1.50"
  timestamp: "2021-07-08 08:16:13.725290"
  type: "purchase"
  Assets:Inventory:Bar             -1 ICETEA
  Liabilities:Bar:Members:Yvan      1 ICETEA
  Liabilities:Bar:Members:Yvan   1.50 EUR   
  Income:Bar                    -1.50 EUR   

2021-07-08 txn "Yvan bought 1 items for €1.50"
  timestamp: "2021-07-08 10:33:13.466544"
  type: "purchase"
  Assets:Inventory:Bar             -1 ICETEA
  Liabilities:Bar:Members:Yvan      1 ICETEA
  Liabilities:Bar:Members:Yvan   1.50 EUR   
  Income:Bar                    -1.50 EUR   

2021-07-08 txn "Yvan bought 1 items for €2.00"
  timestamp: "2021-07-08 12:01:30.939587"
  type: "purchase"
  Assets:Inventory:Bar             -1 FRITZ
  Liabilities:Bar:Members:Yvan      1 FRITZ
  Liabilities:Bar:Members:Yvan   2.00 EUR  
  Income:Bar                    -2.00 EUR  

2021-07-08 txn "Ljaytee bought 2 items for €4.00"
  timestamp: "2021-07-08 13:15:51.719824"
  type: "purchase"
  Assets:Inventory:Bar                -1 CM   
  Liabilities:Bar:Members:Ljaytee      1 CM   
  Assets:Inventory:Bar                -1 FRITZ
  Liabilities:Bar:Members:Ljaytee      1 FRITZ
  Liabilities:Bar:Members:Ljaytee   4.00 EUR  
  Income:Bar                       -4.00 EUR  

2021-07-08 txn "qwaxys bought 1 items for €2.00"
  timestamp: "2021-07-08 13:38:47.911636"
  type: "purchase"
  Assets:Inventory:Bar             -1 FRITZ
  Liabilities:Bar:Members:Bart      1 FRITZ
  Liabilities:Bar:Members:Bart   2.00 EUR  
  Income:Bar                    -2.00 EUR  

2021-07-08 txn "Yvan bought 1 items for €2.00"
  timestamp: "2021-07-08 14:02:10.601791"
  type: "purchase"
  Assets:Inventory:Bar             -1 FRITZ
  Liabilities:Bar:Members:Yvan      1 FRITZ
  Liabilities:Bar:Members:Yvan   2.00 EUR  
  Income:Bar                    -2.00 EUR  

2021-07-08 txn "Carro​armato0 bought 3 items for €1.80"
  timestamp: "2021-07-08 14:48:15.952220"
  type: "purchase"
  Assets:Inventory:Bar                     -2 SNACK   
  Liabilities:Bar:Members:Carroarmato0      2 SNACK   
  Assets:Inventory:Bar                     -1 SNICKERS
  Liabilities:Bar:Members:Carroarmato0      1 SNICKERS
  Liabilities:Bar:Members:Carroarmato0   1.80 EUR     
  Income:Bar                            -1.80 EUR     

2021-07-08 txn "Carro​armato0 bought 1 items for €2.00"
  timestamp: "2021-07-08 14:59:14.168888"
  type: "purchase"
  Assets:Inventory:Bar                     -1 CM 
  Liabilities:Bar:Members:Carroarmato0      1 CM 
  Liabilities:Bar:Members:Carroarmato0   2.00 EUR
  Income:Bar                            -2.00 EUR

2021-07-08 txn "Ljaytee bought 2 items for €1.40"
  timestamp: "2021-07-08 15:40:26.325601"
  type: "purchase"
  Assets:Inventory:Bar                -2 PICKUP
  Liabilities:Bar:Members:Ljaytee      2 PICKUP
  Liabilities:Bar:Members:Ljaytee   1.40 EUR   
  Income:Bar                       -1.40 EUR   

2021-07-08 txn "qwaxys bought 1 items for €0.60"
  timestamp: "2021-07-08 15:40:55.879900"
  type: "purchase"
  Assets:Inventory:Bar             -1 SNICKERS
  Liabilities:Bar:Members:Bart      1 SNICKERS
  Liabilities:Bar:Members:Bart   0.60 EUR     
  Income:Bar                    -0.60 EUR     

2021-07-08 txn "Alex bought 1 items for €1.50"
  timestamp: "2021-07-08 15:52:50.766193"
  type: "purchase"
  Assets:Inventory:Bar             -1 HG 
  Liabilities:Bar:Members:Alex      1 HG 
  Liabilities:Bar:Members:Alex   1.50 EUR
  Income:Bar                    -1.50 EUR

2021-07-08 txn "Alex deposited €11.50"
  timestamp: "2021-07-08 15:54:00.673502"
  type: "deposit"
  Liabilities:Bar:Members:Alex  -11.50 EUR
  Assets:Cash:Bar                11.50 EUR

2021-07-08 txn "Alex bought 1 items for €2.00"
  timestamp: "2021-07-08 15:55:05.632861"
  type: "purchase"
  Assets:Inventory:Bar             -1 FRITZ
  Liabilities:Bar:Members:Alex      1 FRITZ
  Liabilities:Bar:Members:Alex   2.00 EUR  
  Income:Bar                    -2.00 EUR  

2021-07-08 txn "Alex bought 1 items for €0.60"
  timestamp: "2021-07-08 15:55:16.689072"
  type: "purchase"
  Assets:Inventory:Bar             -1 SNICKERS
  Liabilities:Bar:Members:Alex      1 SNICKERS
  Liabilities:Bar:Members:Alex   0.60 EUR     
  Income:Bar                    -0.60 EUR     

2021-07-08 txn "Ljaytee bought 2 items for €2.70"
  timestamp: "2021-07-08 16:06:27.817579"
  type: "purchase"
  Assets:Inventory:Bar                -1 FRITZ 
  Liabilities:Bar:Members:Ljaytee      1 FRITZ 
  Assets:Inventory:Bar                -1 PICKUP
  Liabilities:Bar:Members:Ljaytee      1 PICKUP
  Liabilities:Bar:Members:Ljaytee   2.70 EUR   
  Income:Bar                       -2.70 EUR   

2021-07-08 txn "Ljaytee bought 1 items for €0.70"
  timestamp: "2021-07-08 16:06:36.480773"
  type: "purchase"
  Assets:Inventory:Bar                -1 PICKUP
  Liabilities:Bar:Members:Ljaytee      1 PICKUP
  Liabilities:Bar:Members:Ljaytee   0.70 EUR   
  Income:Bar                       -0.70 EUR   

2021-07-08 txn "Carro​armato0 bought 1 items for €0.60"
  timestamp: "2021-07-08 16:07:06.475801"
  type: "purchase"
  Assets:Inventory:Bar                     -1 SNACK
  Liabilities:Bar:Members:Carroarmato0      1 SNACK
  Liabilities:Bar:Members:Carroarmato0   0.60 EUR  
  Income:Bar                            -0.60 EUR  

2021-07-08 txn "Yvan bought 2 items for €2.70"
  timestamp: "2021-07-08 16:25:17.082892"
  type: "purchase"
  Assets:Inventory:Bar             -1 FRITZ 
  Liabilities:Bar:Members:Yvan      1 FRITZ 
  Assets:Inventory:Bar             -1 PICKUP
  Liabilities:Bar:Members:Yvan      1 PICKUP
  Liabilities:Bar:Members:Yvan   2.70 EUR   
  Income:Bar                    -2.70 EUR   

2021-07-08 txn "qwaxys gave TQ a gift of €4.30"
  timestamp: "2021-07-08 16:43:04.003172"
  type: "transfer"
  Liabilities:Bar:Members:Bart      4.30 EUR
  Liabilities:Bar:Members:Thequux  -4.30 EUR

2021-07-08 txn "TQ bought 1 items for €2.00"
  timestamp: "2021-07-08 16:52:02.471068"
  type: "purchase"
  Assets:Inventory:Bar                -1 FRITZ
  Liabilities:Bar:Members:Thequux      1 FRITZ
  Liabilities:Bar:Members:Thequux   2.00 EUR  
  Income:Bar                       -2.00 EUR  

2021-07-08 txn "Carro​armato0 bought 1 items for €0.60"
  timestamp: "2021-07-08 17:08:05.472964"
  type: "purchase"
  Assets:Inventory:Bar                     -1 EXPIRED_DRINK
  Liabilities:Bar:Members:Carroarmato0      1 EXPIRED_DRINK
  Liabilities:Bar:Members:Carroarmato0   0.60 EUR          
  Income:Bar                            -0.60 EUR          

2021-07-08 txn "Evils bought 1 items for €2.00"
  timestamp: "2021-07-08 17:16:00.575659"
  type: "purchase"
  Assets:Inventory:Bar              -1 FRITZ
  Liabilities:Bar:Members:Elvis      1 FRITZ
  Liabilities:Bar:Members:Elvis   2.00 EUR  
  Income:Bar                     -2.00 EUR  

2021-07-08 txn "Sasja bought 1 items for €1.50"
  timestamp: "2021-07-08 17:27:41.597261"
  type: "purchase"
  Assets:Inventory:Bar              -1 JUPILER
  Liabilities:Bar:Members:Sasja      1 JUPILER
  Liabilities:Bar:Members:Sasja   1.50 EUR    
  Income:Bar                     -1.50 EUR    

2021-07-08 txn "Sander bought 1 items for €0.60"
  timestamp: "2021-07-08 17:35:50.125262"
  type: "purchase"
  Assets:Inventory:Bar               -1 EXPIRED_DRINK
  Liabilities:Bar:Members:Sander      1 EXPIRED_DRINK
  Liabilities:Bar:Members:Sander   0.60 EUR          
  Income:Bar                      -0.60 EUR          

2021-07-08 txn "Sasja bought 1 items for €0.70"
  timestamp: "2021-07-08 17:42:12.979834"
  type: "purchase"
  Assets:Inventory:Bar              -1 PICKUP
  Liabilities:Bar:Members:Sasja      1 PICKUP
  Liabilities:Bar:Members:Sasja   0.70 EUR   
  Income:Bar                     -0.70 EUR   

2021-07-08 txn "Yvan bought 1 items for €1.20"
  timestamp: "2021-07-08 18:14:45.821803"
  type: "purchase"
  Assets:Inventory:Bar             -1 CHIP
  Liabilities:Bar:Members:Yvan      1 CHIP
  Liabilities:Bar:Members:Yvan   1.20 EUR 
  Income:Bar                    -1.20 EUR 

2021-07-08 txn "Carro​armato0 bought 1 items for €2.00"
  timestamp: "2021-07-08 18:23:46.088532"
  type: "purchase"
  Assets:Inventory:Bar                     -1 FRITZ
  Liabilities:Bar:Members:Carroarmato0      1 FRITZ
  Liabilities:Bar:Members:Carroarmato0   2.00 EUR  
  Income:Bar                            -2.00 EUR  

2021-07-08 txn "Sasja bought 1 items for €1.50"
  timestamp: "2021-07-08 18:48:47.193847"
  type: "purchase"
  Assets:Inventory:Bar              -1 JUPILER
  Liabilities:Bar:Members:Sasja      1 JUPILER
  Liabilities:Bar:Members:Sasja   1.50 EUR    
  Income:Bar                     -1.50 EUR    

2021-07-08 txn "TQ bought 1 items for €2.00"
  timestamp: "2021-07-08 18:56:20.475154"
  type: "purchase"
  Assets:Inventory:Bar                -1 FRITZ
  Liabilities:Bar:Members:Thequux      1 FRITZ
  Liabilities:Bar:Members:Thequux   2.00 EUR  
  Income:Bar                       -2.00 EUR  

2021-07-08 txn "Evils bought 1 items for €2.00"
  timestamp: "2021-07-08 18:56:43.677904"
  type: "purchase"
  Assets:Inventory:Bar              -1 FRITZ
  Liabilities:Bar:Members:Elvis      1 FRITZ
  Liabilities:Bar:Members:Elvis   2.00 EUR  
  Income:Bar                     -2.00 EUR  

2021-07-08 txn "Merlijn bought 1 items for €2.00"
  timestamp: "2021-07-08 19:07:58.549910"
  type: "purchase"
  Assets:Inventory:Bar                -1 FRITZ
  Liabilities:Bar:Members:Merlijn      1 FRITZ
  Liabilities:Bar:Members:Merlijn   2.00 EUR  
  Income:Bar                       -2.00 EUR  

2021-07-08 txn "Stefaan bought 1 items for €2.00"
  timestamp: "2021-07-08 19:41:23.242908"
  type: "purchase"
  Assets:Inventory:Bar                -1 FRITZ
  Liabilities:Bar:Members:Stefaan      1 FRITZ
  Liabilities:Bar:Members:Stefaan   2.00 EUR  
  Income:Bar                       -2.00 EUR  

2021-07-08 txn "Stefaan bought 1 items for €0.60"
  timestamp: "2021-07-08 19:43:20.693151"
  type: "purchase"
  Assets:Inventory:Bar                -1 SNICKERS
  Liabilities:Bar:Members:Stefaan      1 SNICKERS
  Liabilities:Bar:Members:Stefaan   0.60 EUR     
  Income:Bar                       -0.60 EUR     

2021-07-08 txn "Carro​armato0 bought 1 items for €0.60"
  timestamp: "2021-07-08 19:43:34.139835"
  type: "purchase"
  Assets:Inventory:Bar                     -1 ICE_CREAM
  Liabilities:Bar:Members:Carroarmato0      1 ICE_CREAM
  Liabilities:Bar:Members:Carroarmato0   0.60 EUR      
  Income:Bar                            -0.60 EUR      

2021-07-08 txn "Sasja bought 1 items for €1.50"
  timestamp: "2021-07-08 19:55:13.683311"
  type: "purchase"
  Assets:Inventory:Bar              -1 JUPILER
  Liabilities:Bar:Members:Sasja      1 JUPILER
  Liabilities:Bar:Members:Sasja   1.50 EUR    
  Income:Bar                     -1.50 EUR    

2021-07-08 txn "Carro​armato0 bought 1 items for €1.50"
  timestamp: "2021-07-08 19:58:10.995585"
  type: "purchase"
  Assets:Inventory:Bar                     -1 COKE_ZERO
  Liabilities:Bar:Members:Carroarmato0      1 COKE_ZERO
  Liabilities:Bar:Members:Carroarmato0   1.50 EUR      
  Income:Bar                            -1.50 EUR      

2021-07-08 txn "Sasja bought 1 items for €1.50"
  timestamp: "2021-07-08 20:08:45.503641"
  type: "purchase"
  Assets:Inventory:Bar              -1 JUPILER
  Liabilities:Bar:Members:Sasja      1 JUPILER
  Liabilities:Bar:Members:Sasja   1.50 EUR    
  Income:Bar                     -1.50 EUR    

2021-07-08 txn "Sander gave TQ a gift of €4.00"
  timestamp: "2021-07-08 20:40:27.383252"
  type: "transfer"
  Liabilities:Bar:Members:Sander    4.00 EUR
  Liabilities:Bar:Members:Thequux  -4.00 EUR

2021-07-08 txn "Sander bought 1 items for €2.00"
  timestamp: "2021-07-08 20:41:18.991833"
  type: "purchase"
  Assets:Inventory:Bar               -1 FRITZ
  Liabilities:Bar:Members:Sander      1 FRITZ
  Liabilities:Bar:Members:Sander   2.00 EUR  
  Income:Bar                      -2.00 EUR  

2021-07-08 txn "Yvan bought 1 items for €2.00"
  timestamp: "2021-07-08 20:54:27.899644"
  type: "purchase"
  Assets:Inventory:Bar             -1 FRITZ
  Liabilities:Bar:Members:Yvan      1 FRITZ
  Liabilities:Bar:Members:Yvan   2.00 EUR  
  Income:Bar                    -2.00 EUR  

2021-07-08 txn "Merlijn bought 1 items for €1.20"
  timestamp: "2021-07-08 20:58:17.478713"
  type: "purchase"
  Assets:Inventory:Bar                -1 CHIP
  Liabilities:Bar:Members:Merlijn      1 CHIP
  Liabilities:Bar:Members:Merlijn   1.20 EUR 
  Income:Bar                       -1.20 EUR 

2021-07-08 txn "Stefaan bought 1 items for €2.00"
  timestamp: "2021-07-08 21:21:35.029335"
  type: "purchase"
  Assets:Inventory:Bar                -1 FRITZ
  Liabilities:Bar:Members:Stefaan      1 FRITZ
  Liabilities:Bar:Members:Stefaan   2.00 EUR  
  Income:Bar                       -2.00 EUR  

2021-07-08 txn "Merlijn bought 1 items for €0.60"
  timestamp: "2021-07-08 21:21:46.595809"
  type: "purchase"
  Assets:Inventory:Bar                -1 MNM
  Liabilities:Bar:Members:Merlijn      1 MNM
  Liabilities:Bar:Members:Merlijn   0.60 EUR
  Income:Bar                       -0.60 EUR

2021-07-08 txn "Sasja bought 1 items for €2.00"
  timestamp: "2021-07-08 21:28:44.845268"
  type: "purchase"
  Assets:Inventory:Bar              -1 FRITZ
  Liabilities:Bar:Members:Sasja      1 FRITZ
  Liabilities:Bar:Members:Sasja   2.00 EUR  
  Income:Bar                     -2.00 EUR  

2021-07-08 txn "Bloemist bought 2 items for €3.00"
  timestamp: "2021-07-08 21:52:58.732807"
  type: "purchase"
  Assets:Inventory:Bar                 -2 JUPILER
  Liabilities:Bar:Members:Bloemist      2 JUPILER
  Liabilities:Bar:Members:Bloemist   3.00 EUR    
  Income:Bar                        -3.00 EUR    

2021-07-08 txn "Bloemist bought 4 items for €6.00"
  timestamp: "2021-07-08 21:55:43.700312"
  type: "purchase"
  Assets:Inventory:Bar                 -4 COKE_ZERO
  Liabilities:Bar:Members:Bloemist      4 COKE_ZERO
  Liabilities:Bar:Members:Bloemist   6.00 EUR      
  Income:Bar                        -6.00 EUR      

2021-07-08 txn "Evils bought 1 items for €0.60"
  timestamp: "2021-07-08 22:22:46.921724"
  type: "purchase"
  Assets:Inventory:Bar              -1 MNM
  Liabilities:Bar:Members:Elvis      1 MNM
  Liabilities:Bar:Members:Elvis   0.60 EUR
  Income:Bar                     -0.60 EUR

2021-07-08 txn "Bloemist bought 1 items for €1.50"
  timestamp: "2021-07-08 22:22:50.809167"
  type: "purchase"
  Assets:Inventory:Bar                 -1 JUPILER
  Liabilities:Bar:Members:Bloemist      1 JUPILER
  Liabilities:Bar:Members:Bloemist   1.50 EUR    
  Income:Bar                        -1.50 EUR    

2021-07-08 txn "Sander bought 1 items for €0.60"
  timestamp: "2021-07-08 22:35:32.779393"
  type: "purchase"
  Assets:Inventory:Bar               -1 EXPIRED_DRINK
  Liabilities:Bar:Members:Sander      1 EXPIRED_DRINK
  Liabilities:Bar:Members:Sander   0.60 EUR          
  Income:Bar                      -0.60 EUR          

2021-07-08 txn "Sasja bought 1 items for €2.00"
  timestamp: "2021-07-08 22:38:18.524765"
  type: "purchase"
  Assets:Inventory:Bar              -1 FRITZ
  Liabilities:Bar:Members:Sasja      1 FRITZ
  Liabilities:Bar:Members:Sasja   2.00 EUR  
  Income:Bar                     -2.00 EUR  

2021-07-08 txn "qwaxys bought 1 items for €2.00"
  timestamp: "2021-07-08 22:40:14.469235"
  type: "purchase"
  Assets:Inventory:Bar             -1 FRITZ
  Liabilities:Bar:Members:Bart      1 FRITZ
  Liabilities:Bar:Members:Bart   2.00 EUR  
  Income:Bar                    -2.00 EUR  

2021-07-08 txn "Bloemist bought 2 items for €3.00"
  timestamp: "2021-07-08 23:35:31.253137"
  type: "purchase"
  Assets:Inventory:Bar                 -1 JUPILER
  Liabilities:Bar:Members:Bloemist      1 JUPILER
  Assets:Inventory:Bar                 -1 HG     
  Liabilities:Bar:Members:Bloemist      1 HG     
  Liabilities:Bar:Members:Bloemist   3.00 EUR    
  Income:Bar                        -3.00 EUR    

2021-07-09 txn "Bloemist bought 1 items for €2.00"
  timestamp: "2021-07-09 00:29:52.662159"
  type: "purchase"
  Assets:Inventory:Bar                 -1 CM 
  Liabilities:Bar:Members:Bloemist      1 CM 
  Liabilities:Bar:Members:Bloemist   2.00 EUR
  Income:Bar                        -2.00 EUR

2021-07-09 txn "Yvan bought 1 items for €2.00"
  timestamp: "2021-07-09 09:38:52.774707"
  type: "purchase"
  Assets:Inventory:Bar             -1 FRITZ
  Liabilities:Bar:Members:Yvan      1 FRITZ
  Liabilities:Bar:Members:Yvan   2.00 EUR  
  Income:Bar                    -2.00 EUR  

2021-07-09 txn "Carro​armato0 bought 1 items for €0.60"
  timestamp: "2021-07-09 10:15:50.638263"
  type: "purchase"
  Assets:Inventory:Bar                     -1 SNICKERS
  Liabilities:Bar:Members:Carroarmato0      1 SNICKERS
  Liabilities:Bar:Members:Carroarmato0   0.60 EUR     
  Income:Bar                            -0.60 EUR     

2021-07-09 txn "Yvan bought 1 items for €2.00"
  timestamp: "2021-07-09 12:10:02.310483"
  type: "purchase"
  Assets:Inventory:Bar             -1 FRITZ
  Liabilities:Bar:Members:Yvan      1 FRITZ
  Liabilities:Bar:Members:Yvan   2.00 EUR  
  Income:Bar                    -2.00 EUR  

2021-07-09 txn "Yvan bought 1 items for €1.20"
  timestamp: "2021-07-09 13:00:28.057837"
  type: "purchase"
  Assets:Inventory:Bar             -1 CHIP
  Liabilities:Bar:Members:Yvan      1 CHIP
  Liabilities:Bar:Members:Yvan   1.20 EUR 
  Income:Bar                    -1.20 EUR 

2021-07-11 txn "qwaxys bought 1 items for €2.00"
  timestamp: "2021-07-11 14:39:08.478117"
  type: "purchase"
  Assets:Inventory:Bar             -1 FRITZ
  Liabilities:Bar:Members:Bart      1 FRITZ
  Liabilities:Bar:Members:Bart   2.00 EUR  
  Income:Bar                    -2.00 EUR  

2021-07-11 txn "TQ bought 1 items for €2.00"
  timestamp: "2021-07-11 15:11:08.055576"
  type: "purchase"
  Assets:Inventory:Bar                -1 CM 
  Liabilities:Bar:Members:Thequux      1 CM 
  Liabilities:Bar:Members:Thequux   2.00 EUR
  Income:Bar                       -2.00 EUR

2021-07-11 txn "Bloemist bought 1 items for €2.00"
  timestamp: "2021-07-11 17:44:47.473396"
  type: "purchase"
  Assets:Inventory:Bar                 -1 CM 
  Liabilities:Bar:Members:Bloemist      1 CM 
  Liabilities:Bar:Members:Bloemist   2.00 EUR
  Income:Bar                        -2.00 EUR

2021-07-11 txn "Bloemist bought 1 items for €2.00"
  timestamp: "2021-07-11 19:01:31.243620"
  type: "purchase"
  Assets:Inventory:Bar                 -1 CM 
  Liabilities:Bar:Members:Bloemist      1 CM 
  Liabilities:Bar:Members:Bloemist   2.00 EUR
  Income:Bar                        -2.00 EUR

2021-07-11 txn "Bloemist bought 2 items for €3.20"
  timestamp: "2021-07-11 21:22:41.127702"
  type: "purchase"
  Assets:Inventory:Bar                 -1 CM  
  Liabilities:Bar:Members:Bloemist      1 CM  
  Assets:Inventory:Bar                 -1 CHIP
  Liabilities:Bar:Members:Bloemist      1 CHIP
  Liabilities:Bar:Members:Bloemist   3.20 EUR 
  Income:Bar                        -3.20 EUR 

2021-07-12 txn "Bloemist bought 2 items for €3.20"
  timestamp: "2021-07-12 00:26:40.756370"
  type: "purchase"
  Assets:Inventory:Bar                 -1 CM  
  Liabilities:Bar:Members:Bloemist      1 CM  
  Assets:Inventory:Bar                 -1 CHIP
  Liabilities:Bar:Members:Bloemist      1 CHIP
  Liabilities:Bar:Members:Bloemist   3.20 EUR 
  Income:Bar                        -3.20 EUR 

2021-07-12 txn "Yvan bought 1 items for €2.00"
  timestamp: "2021-07-12 07:51:49.959618"
  type: "purchase"
  Assets:Inventory:Bar             -1 FRITZ
  Liabilities:Bar:Members:Yvan      1 FRITZ
  Liabilities:Bar:Members:Yvan   2.00 EUR  
  Income:Bar                    -2.00 EUR  

