2021-09-06 txn "Carro​armato0 bought 3 items for €2.80"
  timestamp: "2021-09-06 15:58:18.585762"
  type: "purchase"
  Assets:Inventory:Bar                     -1 FANTA 
  Liabilities:Bar:Members:Carroarmato0      1 FANTA 
  Assets:Inventory:Bar                     -1 BOUNTY
  Liabilities:Bar:Members:Carroarmato0      1 BOUNTY
  Assets:Inventory:Bar                     -1 PICKUP
  Liabilities:Bar:Members:Carroarmato0      1 PICKUP
  Liabilities:Bar:Members:Carroarmato0   2.80 EUR   
  Income:Bar                            -2.80 EUR   

2021-09-06 txn "Fearless bought 1 items for €0.60"
  timestamp: "2021-09-06 16:07:41.647103"
  type: "purchase"
  Assets:Inventory:Bar                 -1 MARS
  Liabilities:Bar:Members:Fearless      1 MARS
  Liabilities:Bar:Members:Fearless   0.60 EUR 
  Income:Bar                        -0.60 EUR 

2021-09-06 txn "Fearless gave Yvan a gift of €5.00"
  timestamp: "2021-09-06 16:08:15.393728"
  type: "transfer"
  Liabilities:Bar:Members:Fearless   5.00 EUR
  Liabilities:Bar:Members:Yvan      -5.00 EUR

2021-09-06 txn "Fearless deposited €20.00"
  timestamp: "2021-09-06 16:08:26.244097"
  type: "deposit"
  Liabilities:Bar:Members:Fearless  -20.00 EUR
  Assets:Cash:Bar                    20.00 EUR

2021-09-06 txn "On8wr bought 1 items for €1.20"
  timestamp: "2021-09-06 16:53:12.983147"
  type: "purchase"
  Assets:Inventory:Bar              -1 CHIP
  Liabilities:Bar:Members:On8wr      1 CHIP
  Liabilities:Bar:Members:On8wr   1.20 EUR 
  Income:Bar                     -1.20 EUR 

2021-09-06 txn "Evils gave On8wr a gift of €2.70"
  timestamp: "2021-09-06 17:00:29.416517"
  type: "transfer"
  Liabilities:Bar:Members:Elvis   2.70 EUR
  Liabilities:Bar:Members:On8wr  -2.70 EUR

2021-09-06 txn "qwaxys gave On8wr a gift of €6.00"
  timestamp: "2021-09-06 17:01:03.106110"
  type: "transfer"
  Liabilities:Bar:Members:Bart    6.00 EUR
  Liabilities:Bar:Members:On8wr  -6.00 EUR

2021-09-06 txn "Carro​armato0 gave On8wr a gift of €9.50"
  timestamp: "2021-09-06 17:01:18.495950"
  type: "transfer"
  Liabilities:Bar:Members:Carroarmato0   9.50 EUR
  Liabilities:Bar:Members:On8wr         -9.50 EUR

2021-09-06 txn "On8wr bought 1 items for €1.50"
  timestamp: "2021-09-06 17:31:29.944747"
  type: "purchase"
  Assets:Inventory:Bar              -1 COKE
  Liabilities:Bar:Members:On8wr      1 COKE
  Liabilities:Bar:Members:On8wr   1.50 EUR 
  Income:Bar                     -1.50 EUR 

2021-09-06 txn "qwaxys bought 1 items for €1.50"
  timestamp: "2021-09-06 17:35:40.326794"
  type: "purchase"
  Assets:Inventory:Bar             -1 COKE
  Liabilities:Bar:Members:Bart      1 COKE
  Liabilities:Bar:Members:Bart   1.50 EUR 
  Income:Bar                    -1.50 EUR 

2021-09-06 txn "On8wr bought 1 items for €0.60"
  timestamp: "2021-09-06 17:55:58.874231"
  type: "purchase"
  Assets:Inventory:Bar              -1 BOUNTY
  Liabilities:Bar:Members:On8wr      1 BOUNTY
  Liabilities:Bar:Members:On8wr   0.60 EUR   
  Income:Bar                     -0.60 EUR   

2021-09-06 txn "On8wr bought 1 items for €0.60"
  timestamp: "2021-09-06 17:56:12.434023"
  type: "purchase"
  Assets:Inventory:Bar              -1 KITKAT
  Liabilities:Bar:Members:On8wr      1 KITKAT
  Liabilities:Bar:Members:On8wr   0.60 EUR   
  Income:Bar                     -0.60 EUR   

2021-09-06 txn "Evils bought 1 items for €1.50"
  timestamp: "2021-09-06 19:02:27.896757"
  type: "purchase"
  Assets:Inventory:Bar              -1 FANTA
  Liabilities:Bar:Members:Elvis      1 FANTA
  Liabilities:Bar:Members:Elvis   1.50 EUR  
  Income:Bar                     -1.50 EUR  

2021-09-06 txn "Carro​armato0 bought 1 items for €2.00"
  timestamp: "2021-09-06 19:04:18.063530"
  type: "purchase"
  Assets:Inventory:Bar                     -1 FRITZ
  Liabilities:Bar:Members:Carroarmato0      1 FRITZ
  Liabilities:Bar:Members:Carroarmato0   2.00 EUR  
  Income:Bar                            -2.00 EUR  

2021-09-06 txn "Carro​armato0 deposited €50.00"
  timestamp: "2021-09-06 19:05:06.483174"
  type: "deposit"
  Liabilities:Bar:Members:Carroarmato0  -50.00 EUR
  Assets:Cash:Bar                        50.00 EUR

2021-09-06 txn "Mitch deposited €11.50"
  timestamp: "2021-09-06 19:05:30.959957"
  type: "deposit"
  Liabilities:Bar:Members:Mitch  -11.50 EUR
  Assets:Cash:Bar                 11.50 EUR

2021-09-06 txn "Carro​armato0 bought 2 items for €4.50"
  timestamp: "2021-09-06 19:56:02.521146"
  type: "purchase"
  Assets:Inventory:Bar                     -1 MYSTERY
  Liabilities:Bar:Members:Carroarmato0      1 MYSTERY
  Assets:Inventory:Bar                     -1 CIDER  
  Liabilities:Bar:Members:Carroarmato0      1 CIDER  
  Liabilities:Bar:Members:Carroarmato0   4.50 EUR    
  Income:Bar                            -4.50 EUR    

2021-09-06 txn "Evils bought 1 items for €2.00"
  timestamp: "2021-09-06 19:58:27.031870"
  type: "purchase"
  Assets:Inventory:Bar              -1 VITAMALZ
  Liabilities:Bar:Members:Elvis      1 VITAMALZ
  Liabilities:Bar:Members:Elvis   2.00 EUR     
  Income:Bar                     -2.00 EUR     

2021-09-06 txn "On8wr bought 1 items for €2.00"
  timestamp: "2021-09-06 21:20:19.381545"
  type: "purchase"
  Assets:Inventory:Bar              -1 CIDER
  Liabilities:Bar:Members:On8wr      1 CIDER
  Liabilities:Bar:Members:On8wr   2.00 EUR  
  Income:Bar                     -2.00 EUR  

2021-09-06 txn "On8wr bought 1 items for €2.00"
  timestamp: "2021-09-06 21:20:30.877028"
  type: "purchase"
  Assets:Inventory:Bar              -1 PIZZA
  Liabilities:Bar:Members:On8wr      1 PIZZA
  Liabilities:Bar:Members:On8wr   2.00 EUR  
  Income:Bar                     -2.00 EUR  

2021-09-06 txn "On8wr bought 1 items for €1.20"
  timestamp: "2021-09-06 22:43:37.675122"
  type: "purchase"
  Assets:Inventory:Bar              -1 CHIP
  Liabilities:Bar:Members:On8wr      1 CHIP
  Liabilities:Bar:Members:On8wr   1.20 EUR 
  Income:Bar                     -1.20 EUR 

2021-09-07 txn "Yvan bought 1 items for €1.50"
  timestamp: "2021-09-07 08:04:48.269152"
  type: "purchase"
  Assets:Inventory:Bar             -1 ICETEA
  Liabilities:Bar:Members:Yvan      1 ICETEA
  Liabilities:Bar:Members:Yvan   1.50 EUR   
  Income:Bar                    -1.50 EUR   

2021-09-07 txn "On8wr deposited €40.00"
  timestamp: "2021-09-07 08:56:59.185186"
  type: "deposit"
  Liabilities:Bar:Members:On8wr  -40.00 EUR
  Assets:Cash:Bar                 40.00 EUR

2021-09-07 txn "Yvan bought 2 items for €1.20"
  timestamp: "2021-09-07 09:58:05.891367"
  type: "purchase"
  Assets:Inventory:Bar             -2 KITKAT
  Liabilities:Bar:Members:Yvan      2 KITKAT
  Liabilities:Bar:Members:Yvan   1.20 EUR   
  Income:Bar                    -1.20 EUR   

2021-09-07 txn "Yvan bought 1 items for €1.50"
  timestamp: "2021-09-07 10:42:42.258709"
  type: "purchase"
  Assets:Inventory:Bar             -1 ICETEA
  Liabilities:Bar:Members:Yvan      1 ICETEA
  Liabilities:Bar:Members:Yvan   1.50 EUR   
  Income:Bar                    -1.50 EUR   

2021-09-07 txn "Gust bought 1 items for €1.50"
  timestamp: "2021-09-07 11:58:50.625127"
  type: "purchase"
  Assets:Inventory:Bar             -1 SCHWEPPES
  Liabilities:Bar:Members:Gust      1 SCHWEPPES
  Liabilities:Bar:Members:Gust   1.50 EUR      
  Income:Bar                    -1.50 EUR      

2021-09-07 txn "Yvan bought 1 items for €1.50"
  timestamp: "2021-09-07 13:01:32.571358"
  type: "purchase"
  Assets:Inventory:Bar             -1 ICETEA
  Liabilities:Bar:Members:Yvan      1 ICETEA
  Liabilities:Bar:Members:Yvan   1.50 EUR   
  Income:Bar                    -1.50 EUR   

2021-09-07 txn "Gust bought 1 items for €1.50"
  timestamp: "2021-09-07 13:46:22.576792"
  type: "purchase"
  Assets:Inventory:Bar             -1 SCHWEPPES
  Liabilities:Bar:Members:Gust      1 SCHWEPPES
  Liabilities:Bar:Members:Gust   1.50 EUR      
  Income:Bar                    -1.50 EUR      

2021-09-07 txn "Gust bought 1 items for €0.60"
  timestamp: "2021-09-07 13:48:09.081684"
  type: "purchase"
  Assets:Inventory:Bar             -1 KITKAT
  Liabilities:Bar:Members:Gust      1 KITKAT
  Liabilities:Bar:Members:Gust   0.60 EUR   
  Income:Bar                    -0.60 EUR   

2021-09-07 txn "Yvan bought 1 items for €0.60"
  timestamp: "2021-09-07 14:34:47.061454"
  type: "purchase"
  Assets:Inventory:Bar             -1 KITKAT
  Liabilities:Bar:Members:Yvan      1 KITKAT
  Liabilities:Bar:Members:Yvan   0.60 EUR   
  Income:Bar                    -0.60 EUR   

2021-09-07 txn "Yvan bought 1 items for €1.50"
  timestamp: "2021-09-07 14:39:48.111411"
  type: "purchase"
  Assets:Inventory:Bar             -1 ICETEA
  Liabilities:Bar:Members:Yvan      1 ICETEA
  Liabilities:Bar:Members:Yvan   1.50 EUR   
  Income:Bar                    -1.50 EUR   

2021-09-07 txn "Yvan bought 1 items for €2.00"
  timestamp: "2021-09-07 15:54:06.645006"
  type: "purchase"
  Assets:Inventory:Bar             -1 CM 
  Liabilities:Bar:Members:Yvan      1 CM 
  Liabilities:Bar:Members:Yvan   2.00 EUR
  Income:Bar                    -2.00 EUR

2021-09-07 txn "Yvan bought 1 items for €0.60"
  timestamp: "2021-09-07 17:01:10.612263"
  type: "purchase"
  Assets:Inventory:Bar             -1 ICE_CREAM
  Liabilities:Bar:Members:Yvan      1 ICE_CREAM
  Liabilities:Bar:Members:Yvan   0.60 EUR      
  Income:Bar                    -0.60 EUR      

2021-09-07 txn "Yvan bought 1 items for €0.60"
  timestamp: "2021-09-07 17:09:37.956236"
  type: "purchase"
  Assets:Inventory:Bar             -1 ICE_CREAM
  Liabilities:Bar:Members:Yvan      1 ICE_CREAM
  Liabilities:Bar:Members:Yvan   0.60 EUR      
  Income:Bar                    -0.60 EUR      

2021-09-08 txn "Sander bought 1 items for €2.00"
  timestamp: "2021-09-08 12:05:36.161637"
  type: "purchase"
  Assets:Inventory:Bar               -1 FRITZ
  Liabilities:Bar:Members:Sander      1 FRITZ
  Liabilities:Bar:Members:Sander   2.00 EUR  
  Income:Bar                      -2.00 EUR  

2021-09-08 txn "Sander bought 1 items for €0.60"
  timestamp: "2021-09-08 12:36:15.084665"
  type: "purchase"
  Assets:Inventory:Bar               -1 ICE_CREAM
  Liabilities:Bar:Members:Sander      1 ICE_CREAM
  Liabilities:Bar:Members:Sander   0.60 EUR      
  Income:Bar                      -0.60 EUR      

2021-09-08 txn "Yvan bought 1 items for €1.50"
  timestamp: "2021-09-08 12:44:28.649346"
  type: "purchase"
  Assets:Inventory:Bar             -1 ICETEA
  Liabilities:Bar:Members:Yvan      1 ICETEA
  Liabilities:Bar:Members:Yvan   1.50 EUR   
  Income:Bar                    -1.50 EUR   

2021-09-08 txn "Sander bought 1 items for €2.00"
  timestamp: "2021-09-08 14:17:46.557379"
  type: "purchase"
  Assets:Inventory:Bar               -1 FRITZ
  Liabilities:Bar:Members:Sander      1 FRITZ
  Liabilities:Bar:Members:Sander   2.00 EUR  
  Income:Bar                      -2.00 EUR  

2021-09-08 txn "Yvan bought 1 items for €0.60"
  timestamp: "2021-09-08 14:22:14.732962"
  type: "purchase"
  Assets:Inventory:Bar             -1 ICE_CREAM
  Liabilities:Bar:Members:Yvan      1 ICE_CREAM
  Liabilities:Bar:Members:Yvan   0.60 EUR      
  Income:Bar                    -0.60 EUR      

2021-09-08 txn "Yvan bought 2 items for €2.10"
  timestamp: "2021-09-08 15:03:42.871484"
  type: "purchase"
  Assets:Inventory:Bar             -1 ICETEA   
  Liabilities:Bar:Members:Yvan      1 ICETEA   
  Assets:Inventory:Bar             -1 ICE_CREAM
  Liabilities:Bar:Members:Yvan      1 ICE_CREAM
  Liabilities:Bar:Members:Yvan   2.10 EUR      
  Income:Bar                    -2.10 EUR      

2021-09-08 txn "Bloemist bought 1 items for €35.00"
  timestamp: "2021-09-08 22:25:22.425739"
  type: "purchase"
  Assets:Inventory:Bar                  -1 HOODIE
  Liabilities:Bar:Members:Bloemist       1 HOODIE
  Liabilities:Bar:Members:Bloemist   35.00 EUR   
  Income:Bar                        -35.00 EUR   

2021-09-09 txn "Yvan bought 3 items for €2.70"
  timestamp: "2021-09-09 12:22:19.351487"
  type: "purchase"
  Assets:Inventory:Bar             -1 ICETEA
  Liabilities:Bar:Members:Yvan      1 ICETEA
  Assets:Inventory:Bar             -2 KITKAT
  Liabilities:Bar:Members:Yvan      2 KITKAT
  Liabilities:Bar:Members:Yvan   2.70 EUR   
  Income:Bar                    -2.70 EUR   

2021-09-09 txn "Sander bought 1 items for €2.00"
  timestamp: "2021-09-09 13:24:13.816883"
  type: "purchase"
  Assets:Inventory:Bar               -1 FRITZ
  Liabilities:Bar:Members:Sander      1 FRITZ
  Liabilities:Bar:Members:Sander   2.00 EUR  
  Income:Bar                      -2.00 EUR  

2021-09-09 txn "Yvan gave Sander a gift of €9.00"
  timestamp: "2021-09-09 13:54:07.309662"
  type: "transfer"
  Liabilities:Bar:Members:Yvan     9.00 EUR
  Liabilities:Bar:Members:Sander  -9.00 EUR

2021-09-09 txn "Yvan bought 2 items for €2.60"
  timestamp: "2021-09-09 13:54:14.865487"
  type: "purchase"
  Assets:Inventory:Bar             -1 FRITZ    
  Liabilities:Bar:Members:Yvan      1 FRITZ    
  Assets:Inventory:Bar             -1 ICE_CREAM
  Liabilities:Bar:Members:Yvan      1 ICE_CREAM
  Liabilities:Bar:Members:Yvan   2.60 EUR      
  Income:Bar                    -2.60 EUR      

2021-09-09 txn "Carro​armato0 bought 1 items for €0.60"
  timestamp: "2021-09-09 14:39:50.377697"
  type: "purchase"
  Assets:Inventory:Bar                     -1 SNICKERS
  Liabilities:Bar:Members:Carroarmato0      1 SNICKERS
  Liabilities:Bar:Members:Carroarmato0   0.60 EUR     
  Income:Bar                            -0.60 EUR     

2021-09-09 txn "Carro​armato0 bought 1 items for €2.00"
  timestamp: "2021-09-09 15:26:18.465387"
  type: "purchase"
  Assets:Inventory:Bar                     -1 VITAMALZ
  Liabilities:Bar:Members:Carroarmato0      1 VITAMALZ
  Liabilities:Bar:Members:Carroarmato0   2.00 EUR     
  Income:Bar                            -2.00 EUR     

2021-09-09 txn "Yvan bought 1 items for €1.50"
  timestamp: "2021-09-09 15:34:27.725378"
  type: "purchase"
  Assets:Inventory:Bar             -1 ICETEA
  Liabilities:Bar:Members:Yvan      1 ICETEA
  Liabilities:Bar:Members:Yvan   1.50 EUR   
  Income:Bar                    -1.50 EUR   

2021-09-09 txn "Carro​armato0 bought 2 items for €2.70"
  timestamp: "2021-09-09 16:29:12.643005"
  type: "purchase"
  Assets:Inventory:Bar                     -1 PICKUP
  Liabilities:Bar:Members:Carroarmato0      1 PICKUP
  Assets:Inventory:Bar                     -1 FRITZ 
  Liabilities:Bar:Members:Carroarmato0      1 FRITZ 
  Liabilities:Bar:Members:Carroarmato0   2.70 EUR   
  Income:Bar                            -2.70 EUR   

2021-09-09 txn "Sasja bought 3 items for €5.00"
  timestamp: "2021-09-09 17:32:20.128896"
  type: "purchase"
  Assets:Inventory:Bar              -1 CMRED      
  Liabilities:Bar:Members:Sasja      1 CMRED      
  Assets:Inventory:Bar              -2 ICETEA_ZERO
  Liabilities:Bar:Members:Sasja      2 ICETEA_ZERO
  Liabilities:Bar:Members:Sasja   5.00 EUR        
  Income:Bar                     -5.00 EUR        

2021-09-09 txn "Sander gave Yvan a gift of €9.00"
  timestamp: "2021-09-09 17:58:08.181353"
  type: "transfer"
  Liabilities:Bar:Members:Sander   9.00 EUR
  Liabilities:Bar:Members:Yvan    -9.00 EUR

2021-09-09 txn "Yvan bought 1 items for €2.00"
  timestamp: "2021-09-09 17:58:13.878575"
  type: "purchase"
  Assets:Inventory:Bar             -1 FRITZ
  Liabilities:Bar:Members:Yvan      1 FRITZ
  Liabilities:Bar:Members:Yvan   2.00 EUR  
  Income:Bar                    -2.00 EUR  

2021-09-09 txn "Yvan bought 1 items for €1.50"
  timestamp: "2021-09-09 18:04:03.369335"
  type: "purchase"
  Assets:Inventory:Bar             -1 ICETEA
  Liabilities:Bar:Members:Yvan      1 ICETEA
  Liabilities:Bar:Members:Yvan   1.50 EUR   
  Income:Bar                    -1.50 EUR   

2021-09-09 txn "Bloemist bought 1 items for €1.50"
  timestamp: "2021-09-09 18:07:42.113444"
  type: "purchase"
  Assets:Inventory:Bar                 -1 ICETEA_ZERO
  Liabilities:Bar:Members:Bloemist      1 ICETEA_ZERO
  Liabilities:Bar:Members:Bloemist   1.50 EUR        
  Income:Bar                        -1.50 EUR        

2021-09-09 txn "Sasja bought 1 items for €1.50"
  timestamp: "2021-09-09 18:10:39.504306"
  type: "purchase"
  Assets:Inventory:Bar              -1 ICETEA_ZERO
  Liabilities:Bar:Members:Sasja      1 ICETEA_ZERO
  Liabilities:Bar:Members:Sasja   1.50 EUR        
  Income:Bar                     -1.50 EUR        

2021-09-09 txn "Evils bought 1 items for €2.00"
  timestamp: "2021-09-09 18:39:56.350429"
  type: "purchase"
  Assets:Inventory:Bar              -1 FRITZ
  Liabilities:Bar:Members:Elvis      1 FRITZ
  Liabilities:Bar:Members:Elvis   2.00 EUR  
  Income:Bar                     -2.00 EUR  

2021-09-09 txn "Carro​armato0 bought 2 items for €1.95"
  timestamp: "2021-09-09 18:55:40.807493"
  type: "purchase"
  Assets:Inventory:Bar                     -1 WATER
  Liabilities:Bar:Members:Carroarmato0      1 WATER
  Assets:Inventory:Bar                     -1 CHIP 
  Liabilities:Bar:Members:Carroarmato0      1 CHIP 
  Liabilities:Bar:Members:Carroarmato0   1.95 EUR  
  Income:Bar                            -1.95 EUR  

2021-09-09 txn "Sasja bought 1 items for €1.50"
  timestamp: "2021-09-09 19:10:05.605477"
  type: "purchase"
  Assets:Inventory:Bar              -1 ICETEA_ZERO
  Liabilities:Bar:Members:Sasja      1 ICETEA_ZERO
  Liabilities:Bar:Members:Sasja   1.50 EUR        
  Income:Bar                     -1.50 EUR        

2021-09-09 txn "qwaxys bought 1 items for €1.50"
  timestamp: "2021-09-09 19:13:48.460200"
  type: "purchase"
  Assets:Inventory:Bar             -1 AGRUMES
  Liabilities:Bar:Members:Bart      1 AGRUMES
  Liabilities:Bar:Members:Bart   1.50 EUR    
  Income:Bar                    -1.50 EUR    

2021-09-09 txn "Carro​armato0 bought 2 items for €2.60"
  timestamp: "2021-09-09 19:16:37.505582"
  type: "purchase"
  Assets:Inventory:Bar                     -1 FRITZ   
  Liabilities:Bar:Members:Carroarmato0      1 FRITZ   
  Assets:Inventory:Bar                     -1 SNICKERS
  Liabilities:Bar:Members:Carroarmato0      1 SNICKERS
  Liabilities:Bar:Members:Carroarmato0   2.60 EUR     
  Income:Bar                            -2.60 EUR     

2021-09-09 txn "Sasja bought 1 items for €1.50"
  timestamp: "2021-09-09 19:24:24.354547"
  type: "purchase"
  Assets:Inventory:Bar              -1 SCHWEPPES
  Liabilities:Bar:Members:Sasja      1 SCHWEPPES
  Liabilities:Bar:Members:Sasja   1.50 EUR      
  Income:Bar                     -1.50 EUR      

2021-09-09 txn "Sasja deposited €60.00"
  timestamp: "2021-09-09 19:37:05.475960"
  type: "deposit"
  Liabilities:Bar:Members:Sasja  -60.00 EUR
  Assets:Cash:Bar                 60.00 EUR

2021-09-09 txn "Evils bought 1 items for €1.00"
  timestamp: "2021-09-09 20:07:27.961670"
  type: "purchase"
  Assets:Inventory:Bar                -1 ROM
  Liabilities:Bar:Members:Elvis        1 ROM
  Liabilities:Bar:Members:Elvis     1.00 EUR
  Liabilities:Bar:Members:Thequux  -0.50 EUR
  Income:Bar                       -0.50 EUR

2021-09-09 txn "Bloemist bought 2 items for €3.00"
  timestamp: "2021-09-09 20:19:24.419716"
  type: "purchase"
  Assets:Inventory:Bar                 -1 ICETEA
  Liabilities:Bar:Members:Bloemist      1 ICETEA
  Assets:Inventory:Bar                 -1 COKE  
  Liabilities:Bar:Members:Bloemist      1 COKE  
  Liabilities:Bar:Members:Bloemist   3.00 EUR   
  Income:Bar                        -3.00 EUR   

2021-09-09 txn "Bloemist bought 1 items for €1.50"
  timestamp: "2021-09-09 20:23:46.197116"
  type: "purchase"
  Assets:Inventory:Bar                 -1 JUPILER
  Liabilities:Bar:Members:Bloemist      1 JUPILER
  Liabilities:Bar:Members:Bloemist   1.50 EUR    
  Income:Bar                        -1.50 EUR    

2021-09-09 txn "Fearless bought 1 items for €1.50"
  timestamp: "2021-09-09 20:27:39.358728"
  type: "purchase"
  Assets:Inventory:Bar                 -1 JUPILER
  Liabilities:Bar:Members:Fearless      1 JUPILER
  Liabilities:Bar:Members:Fearless   1.50 EUR    
  Income:Bar                        -1.50 EUR    

2021-09-09 txn "Bloemist bought 1 items for €2.00"
  timestamp: "2021-09-09 20:38:07.356045"
  type: "purchase"
  Assets:Inventory:Bar                 -1 CM 
  Liabilities:Bar:Members:Bloemist      1 CM 
  Liabilities:Bar:Members:Bloemist   2.00 EUR
  Income:Bar                        -2.00 EUR

2021-09-09 txn "Evils bought 1 items for €0.60"
  timestamp: "2021-09-09 21:20:22.689334"
  type: "purchase"
  Assets:Inventory:Bar              -1 MARS
  Liabilities:Bar:Members:Elvis      1 MARS
  Liabilities:Bar:Members:Elvis   0.60 EUR 
  Income:Bar                     -0.60 EUR 

2021-09-09 txn "Evils bought 1 items for €35.00"
  timestamp: "2021-09-09 21:50:32.353343"
  type: "purchase"
  Assets:Inventory:Bar               -1 HOODIE
  Liabilities:Bar:Members:Elvis       1 HOODIE
  Liabilities:Bar:Members:Elvis   35.00 EUR   
  Income:Bar                     -35.00 EUR   

2021-09-09 txn "Bloemist bought 1 items for €1.20"
  timestamp: "2021-09-09 22:32:03.141451"
  type: "purchase"
  Assets:Inventory:Bar                 -1 CHIP
  Liabilities:Bar:Members:Bloemist      1 CHIP
  Liabilities:Bar:Members:Bloemist   1.20 EUR 
  Income:Bar                        -1.20 EUR 

2021-09-10 txn "Sander bought 1 items for €2.00"
  timestamp: "2021-09-10 14:13:05.891802"
  type: "purchase"
  Assets:Inventory:Bar               -1 CIDER
  Liabilities:Bar:Members:Sander      1 CIDER
  Liabilities:Bar:Members:Sander   2.00 EUR  
  Income:Bar                      -2.00 EUR  

2021-09-10 txn "Sander bought 1 items for €1.50"
  timestamp: "2021-09-10 16:18:22.366363"
  type: "purchase"
  Assets:Inventory:Bar               -1 ICETEA
  Liabilities:Bar:Members:Sander      1 ICETEA
  Liabilities:Bar:Members:Sander   1.50 EUR   
  Income:Bar                      -1.50 EUR   

2021-09-10 txn "Sander bought 1 items for €0.60"
  timestamp: "2021-09-10 18:21:12.336707"
  type: "purchase"
  Assets:Inventory:Bar               -1 ICE_CREAM
  Liabilities:Bar:Members:Sander      1 ICE_CREAM
  Liabilities:Bar:Members:Sander   0.60 EUR      
  Income:Bar                      -0.60 EUR      

2021-09-10 txn "Sander bought 1 items for €2.00"
  timestamp: "2021-09-10 20:11:05.367438"
  type: "purchase"
  Assets:Inventory:Bar               -1 FRITZ
  Liabilities:Bar:Members:Sander      1 FRITZ
  Liabilities:Bar:Members:Sander   2.00 EUR  
  Income:Bar                      -2.00 EUR  

2021-09-11 txn "Yvan bought 2 items for €2.10"
  timestamp: "2021-09-11 17:32:32.876246"
  type: "purchase"
  Assets:Inventory:Bar             -1 ICE_CREAM
  Liabilities:Bar:Members:Yvan      1 ICE_CREAM
  Assets:Inventory:Bar             -1 ICETEA   
  Liabilities:Bar:Members:Yvan      1 ICETEA   
  Liabilities:Bar:Members:Yvan   2.10 EUR      
  Income:Bar                    -2.10 EUR      

2021-09-11 txn "Yvan bought 2 items for €1.20"
  timestamp: "2021-09-11 21:07:02.606367"
  type: "purchase"
  Assets:Inventory:Bar             -2 ICE_CREAM
  Liabilities:Bar:Members:Yvan      2 ICE_CREAM
  Liabilities:Bar:Members:Yvan   1.20 EUR      
  Income:Bar                    -1.20 EUR      

2021-09-11 txn "Yvan bought 1 items for €0.60"
  timestamp: "2021-09-11 22:50:28.368110"
  type: "purchase"
  Assets:Inventory:Bar             -1 ICE_CREAM
  Liabilities:Bar:Members:Yvan      1 ICE_CREAM
  Liabilities:Bar:Members:Yvan   0.60 EUR      
  Income:Bar                    -0.60 EUR      

2021-09-13 txn "Yvan bought 1 items for €1.50"
  timestamp: "2021-09-13 07:00:11.368297"
  type: "purchase"
  Assets:Inventory:Bar             -1 ICETEA
  Liabilities:Bar:Members:Yvan      1 ICETEA
  Liabilities:Bar:Members:Yvan   1.50 EUR   
  Income:Bar                    -1.50 EUR   

2021-09-13 txn "Yvan bought 2 items for €2.10"
  timestamp: "2021-09-13 08:46:47.873529"
  type: "purchase"
  Assets:Inventory:Bar             -1 ICETEA
  Liabilities:Bar:Members:Yvan      1 ICETEA
  Assets:Inventory:Bar             -1 KITKAT
  Liabilities:Bar:Members:Yvan      1 KITKAT
  Liabilities:Bar:Members:Yvan   2.10 EUR   
  Income:Bar                    -2.10 EUR   

2021-09-13 txn "TQ bought 1 items for €2.00"
  timestamp: "2021-09-13 11:57:14.993174"
  type: "purchase"
  Assets:Inventory:Bar                -1 FRITZ
  Liabilities:Bar:Members:Thequux      1 FRITZ
  Liabilities:Bar:Members:Thequux   2.00 EUR  
  Income:Bar                       -2.00 EUR  

2021-09-13 txn "Yvan bought 1 items for €1.50"
  timestamp: "2021-09-13 11:57:20.362204"
  type: "purchase"
  Assets:Inventory:Bar             -1 ICETEA
  Liabilities:Bar:Members:Yvan      1 ICETEA
  Liabilities:Bar:Members:Yvan   1.50 EUR   
  Income:Bar                    -1.50 EUR   

2021-09-13 txn "Yvan bought 2 items for €1.20"
  timestamp: "2021-09-13 16:20:32.615375"
  type: "purchase"
  Assets:Inventory:Bar             -2 KITKAT
  Liabilities:Bar:Members:Yvan      2 KITKAT
  Liabilities:Bar:Members:Yvan   1.20 EUR   
  Income:Bar                    -1.20 EUR   

2021-09-14 txn "Yvan bought 3 items for €2.80"
  timestamp: "2021-09-14 06:27:13.989924"
  type: "purchase"
  Assets:Inventory:Bar             -1 ICETEA
  Liabilities:Bar:Members:Yvan      1 ICETEA
  Assets:Inventory:Bar             -1 KITKAT
  Liabilities:Bar:Members:Yvan      1 KITKAT
  Assets:Inventory:Bar             -1 PICKUP
  Liabilities:Bar:Members:Yvan      1 PICKUP
  Liabilities:Bar:Members:Yvan   2.80 EUR   
  Income:Bar                    -2.80 EUR   

2021-09-14 txn "Yvan bought 1 items for €0.60"
  timestamp: "2021-09-14 07:59:07.001483"
  type: "purchase"
  Assets:Inventory:Bar             -1 ICE_CREAM
  Liabilities:Bar:Members:Yvan      1 ICE_CREAM
  Liabilities:Bar:Members:Yvan   0.60 EUR      
  Income:Bar                    -0.60 EUR      

2021-09-14 txn "Yvan bought 1 items for €1.50"
  timestamp: "2021-09-14 08:28:56.889462"
  type: "purchase"
  Assets:Inventory:Bar             -1 ICETEA
  Liabilities:Bar:Members:Yvan      1 ICETEA
  Liabilities:Bar:Members:Yvan   1.50 EUR   
  Income:Bar                    -1.50 EUR   

2021-09-14 txn "Yvan bought 1 items for €1.50"
  timestamp: "2021-09-14 12:31:32.573461"
  type: "purchase"
  Assets:Inventory:Bar             -1 ICETEA
  Liabilities:Bar:Members:Yvan      1 ICETEA
  Liabilities:Bar:Members:Yvan   1.50 EUR   
  Income:Bar                    -1.50 EUR   

2021-09-14 txn "Ljaytee bought 1 items for €2.00"
  timestamp: "2021-09-14 14:21:16.105911"
  type: "purchase"
  Assets:Inventory:Bar                -1 FRITZ
  Liabilities:Bar:Members:Ljaytee      1 FRITZ
  Liabilities:Bar:Members:Ljaytee   2.00 EUR  
  Income:Bar                       -2.00 EUR  

2021-09-14 txn "Carro​armato0 bought 1 items for €2.00"
  timestamp: "2021-09-14 14:36:15.061622"
  type: "purchase"
  Assets:Inventory:Bar                     -1 FRITZ
  Liabilities:Bar:Members:Carroarmato0      1 FRITZ
  Liabilities:Bar:Members:Carroarmato0   2.00 EUR  
  Income:Bar                            -2.00 EUR  

2021-09-14 txn "Ljaytee bought 1 items for €1.20"
  timestamp: "2021-09-14 14:58:06.505719"
  type: "purchase"
  Assets:Inventory:Bar                -1 FOOD_CUP
  Liabilities:Bar:Members:Ljaytee      1 FOOD_CUP
  Liabilities:Bar:Members:Ljaytee   1.20 EUR     
  Income:Bar                       -1.20 EUR     

2021-09-14 txn "Yvan bought 2 items for €2.40"
  timestamp: "2021-09-14 15:15:05.571372"
  type: "purchase"
  Assets:Inventory:Bar             -2 FOOD_CUP
  Liabilities:Bar:Members:Yvan      2 FOOD_CUP
  Liabilities:Bar:Members:Yvan   2.40 EUR     
  Income:Bar                    -2.40 EUR     

2021-09-14 txn "Carro​armato0 bought 3 items for €2.80"
  timestamp: "2021-09-14 16:44:23.349636"
  type: "purchase"
  Assets:Inventory:Bar                     -1 ICETEA  
  Liabilities:Bar:Members:Carroarmato0      1 ICETEA  
  Assets:Inventory:Bar                     -1 SNICKERS
  Liabilities:Bar:Members:Carroarmato0      1 SNICKERS
  Assets:Inventory:Bar                     -1 PICKUP  
  Liabilities:Bar:Members:Carroarmato0      1 PICKUP  
  Liabilities:Bar:Members:Carroarmato0   2.80 EUR     
  Income:Bar                            -2.80 EUR     

2021-09-14 txn "Sander bought 1 items for €1.50"
  timestamp: "2021-09-14 16:56:07.405864"
  type: "purchase"
  Assets:Inventory:Bar               -1 COKE
  Liabilities:Bar:Members:Sander      1 COKE
  Liabilities:Bar:Members:Sander   1.50 EUR 
  Income:Bar                      -1.50 EUR 

2021-09-14 txn "Yvan bought 1 items for €1.50"
  timestamp: "2021-09-14 17:24:16.645411"
  type: "purchase"
  Assets:Inventory:Bar             -1 ICETEA
  Liabilities:Bar:Members:Yvan      1 ICETEA
  Liabilities:Bar:Members:Yvan   1.50 EUR   
  Income:Bar                    -1.50 EUR   

2021-09-14 txn "Carro​armato0 gave Sander a gift of €7.50"
  timestamp: "2021-09-14 19:17:59.367790"
  type: "transfer"
  Liabilities:Bar:Members:Carroarmato0   7.50 EUR
  Liabilities:Bar:Members:Sander        -7.50 EUR

2021-09-14 txn "Yvan gave Sander a gift of €11.00"
  timestamp: "2021-09-14 19:18:18.262664"
  type: "transfer"
  Liabilities:Bar:Members:Yvan     11.00 EUR
  Liabilities:Bar:Members:Sander  -11.00 EUR

2021-09-15 txn "Yvan bought 1 items for €1.50"
  timestamp: "2021-09-15 13:37:25.208282"
  type: "purchase"
  Assets:Inventory:Bar             -1 ICETEA
  Liabilities:Bar:Members:Yvan      1 ICETEA
  Liabilities:Bar:Members:Yvan   1.50 EUR   
  Income:Bar                    -1.50 EUR   

2021-09-15 txn "Sander bought 1 items for €0.75"
  timestamp: "2021-09-15 14:17:26.371521"
  type: "purchase"
  Assets:Inventory:Bar               -1 WATER
  Liabilities:Bar:Members:Sander      1 WATER
  Liabilities:Bar:Members:Sander   0.75 EUR  
  Income:Bar                      -0.75 EUR  

2021-09-15 txn "Sander bought 1 items for €1.50"
  timestamp: "2021-09-15 15:41:56.343117"
  type: "purchase"
  Assets:Inventory:Bar               -1 COKE
  Liabilities:Bar:Members:Sander      1 COKE
  Liabilities:Bar:Members:Sander   1.50 EUR 
  Income:Bar                      -1.50 EUR 

2021-09-15 txn "Yvan bought 2 items for €3.00"
  timestamp: "2021-09-15 17:37:38.368064"
  type: "purchase"
  Assets:Inventory:Bar             -2 ICETEA
  Liabilities:Bar:Members:Yvan      2 ICETEA
  Liabilities:Bar:Members:Yvan   3.00 EUR   
  Income:Bar                    -3.00 EUR   

2021-09-15 txn "Sander gave Yvan a gift of €1.50"
  timestamp: "2021-09-15 17:37:50.637348"
  type: "transfer"
  Liabilities:Bar:Members:Sander   1.50 EUR
  Liabilities:Bar:Members:Yvan    -1.50 EUR

2021-09-15 txn "Sander gave Yvan a gift of €4.50"
  timestamp: "2021-09-15 19:22:53.689130"
  type: "transfer"
  Liabilities:Bar:Members:Sander   4.50 EUR
  Liabilities:Bar:Members:Yvan    -4.50 EUR

2021-09-16 txn "Yvan bought 1 items for €1.50"
  timestamp: "2021-09-16 15:16:53.545402"
  type: "purchase"
  Assets:Inventory:Bar             -1 ICETEA
  Liabilities:Bar:Members:Yvan      1 ICETEA
  Liabilities:Bar:Members:Yvan   1.50 EUR   
  Income:Bar                    -1.50 EUR   

2021-09-16 txn "Yvan bought 1 items for €0.60"
  timestamp: "2021-09-16 15:53:21.507329"
  type: "purchase"
  Assets:Inventory:Bar             -1 ICE_CREAM
  Liabilities:Bar:Members:Yvan      1 ICE_CREAM
  Liabilities:Bar:Members:Yvan   0.60 EUR      
  Income:Bar                    -0.60 EUR      

2021-09-16 txn "Yvan bought 1 items for €0.60"
  timestamp: "2021-09-16 16:47:46.380314"
  type: "purchase"
  Assets:Inventory:Bar             -1 MARS
  Liabilities:Bar:Members:Yvan      1 MARS
  Liabilities:Bar:Members:Yvan   0.60 EUR 
  Income:Bar                    -0.60 EUR 

2021-09-16 txn "Carro​armato0 bought 3 items for €3.30"
  timestamp: "2021-09-16 16:49:20.949721"
  type: "purchase"
  Assets:Inventory:Bar                     -1 FRITZ   
  Liabilities:Bar:Members:Carroarmato0      1 FRITZ   
  Assets:Inventory:Bar                     -1 PICKUP  
  Liabilities:Bar:Members:Carroarmato0      1 PICKUP  
  Assets:Inventory:Bar                     -1 SNICKERS
  Liabilities:Bar:Members:Carroarmato0      1 SNICKERS
  Liabilities:Bar:Members:Carroarmato0   3.30 EUR     
  Income:Bar                            -3.30 EUR     

2021-09-16 txn "Evils bought 1 items for €2.00"
  timestamp: "2021-09-16 17:14:05.445180"
  type: "purchase"
  Assets:Inventory:Bar              -1 FRITZ
  Liabilities:Bar:Members:Elvis      1 FRITZ
  Liabilities:Bar:Members:Elvis   2.00 EUR  
  Income:Bar                     -2.00 EUR  

2021-09-16 txn "Carro​armato0 bought 3 items for €3.30"
  timestamp: "2021-09-16 17:41:59.169763"
  type: "purchase"
  Assets:Inventory:Bar                     -1 VITAMALZ
  Liabilities:Bar:Members:Carroarmato0      1 VITAMALZ
  Assets:Inventory:Bar                     -1 PICKUP  
  Liabilities:Bar:Members:Carroarmato0      1 PICKUP  
  Assets:Inventory:Bar                     -1 SNICKERS
  Liabilities:Bar:Members:Carroarmato0      1 SNICKERS
  Liabilities:Bar:Members:Carroarmato0   3.30 EUR     
  Income:Bar                            -3.30 EUR     

2021-09-16 txn "Yvan bought 2 items for €1.40"
  timestamp: "2021-09-16 18:16:52.857964"
  type: "purchase"
  Assets:Inventory:Bar             -2 PICKUP
  Liabilities:Bar:Members:Yvan      2 PICKUP
  Liabilities:Bar:Members:Yvan   1.40 EUR   
  Income:Bar                    -1.40 EUR   

2021-09-16 txn "Thomas bought 1 items for €4.00"
  timestamp: "2021-09-16 18:30:20.588912"
  type: "purchase"
  Assets:Inventory:Bar               -1 CHIMAY
  Liabilities:Bar:Members:Thomas      1 CHIMAY
  Liabilities:Bar:Members:Thomas   4.00 EUR   
  Income:Bar                      -4.00 EUR   

2021-09-16 txn "Fearless bought 1 items for €1.50"
  timestamp: "2021-09-16 18:32:55.392916"
  type: "purchase"
  Assets:Inventory:Bar                 -1 JUPILER
  Liabilities:Bar:Members:Fearless      1 JUPILER
  Liabilities:Bar:Members:Fearless   1.50 EUR    
  Income:Bar                        -1.50 EUR    

2021-09-16 txn "Bloemist bought 1 items for €1.50"
  timestamp: "2021-09-16 18:37:05.762337"
  type: "purchase"
  Assets:Inventory:Bar                 -1 JUPILER
  Liabilities:Bar:Members:Bloemist      1 JUPILER
  Liabilities:Bar:Members:Bloemist   1.50 EUR    
  Income:Bar                        -1.50 EUR    

2021-09-16 txn "Evils bought 1 items for €2.00"
  timestamp: "2021-09-16 18:42:17.585464"
  type: "purchase"
  Assets:Inventory:Bar              -1 VITAMALZ
  Liabilities:Bar:Members:Elvis      1 VITAMALZ
  Liabilities:Bar:Members:Elvis   2.00 EUR     
  Income:Bar                     -2.00 EUR     

2021-09-16 txn "Shmitty deposited €50.00"
  timestamp: "2021-09-16 19:16:56.468996"
  type: "deposit"
  Liabilities:Bar:Members:Shmitty  -50.00 EUR
  Assets:Cash:Bar                   50.00 EUR

2021-09-16 txn "Shmitty gave Bloemist a gift of €30.00"
  timestamp: "2021-09-16 19:17:17.517380"
  type: "transfer"
  Liabilities:Bar:Members:Shmitty    30.00 EUR
  Liabilities:Bar:Members:Bloemist  -30.00 EUR

2021-09-16 txn "Koen bought 1 items for €1.50"
  timestamp: "2021-09-16 19:17:40.600593"
  type: "purchase"
  Assets:Inventory:Bar             -1 JUPILER
  Liabilities:Bar:Members:Koen      1 JUPILER
  Liabilities:Bar:Members:Koen   1.50 EUR    
  Income:Bar                    -1.50 EUR    

2021-09-16 txn "Yvan bought 1 items for €2.00"
  timestamp: "2021-09-16 19:18:39.478007"
  type: "purchase"
  Assets:Inventory:Bar             -1 FRITZ
  Liabilities:Bar:Members:Yvan      1 FRITZ
  Liabilities:Bar:Members:Yvan   2.00 EUR  
  Income:Bar                    -2.00 EUR  

2021-09-16 txn "Shmitty bought 1 items for €2.00"
  timestamp: "2021-09-16 19:19:12.055323"
  type: "purchase"
  Assets:Inventory:Bar                -1 FRITZ
  Liabilities:Bar:Members:Shmitty      1 FRITZ
  Liabilities:Bar:Members:Shmitty   2.00 EUR  
  Income:Bar                       -2.00 EUR  

2021-09-16 txn "Bloemist bought 1 items for €1.50"
  timestamp: "2021-09-16 19:19:21.193198"
  type: "purchase"
  Assets:Inventory:Bar                 -1 JUPILER
  Liabilities:Bar:Members:Bloemist      1 JUPILER
  Liabilities:Bar:Members:Bloemist   1.50 EUR    
  Income:Bar                        -1.50 EUR    

2021-09-16 txn "Shmitty bought 1 items for €2.00"
  timestamp: "2021-09-16 19:42:23.347384"
  type: "purchase"
  Assets:Inventory:Bar                -1 FRITZ
  Liabilities:Bar:Members:Shmitty      1 FRITZ
  Liabilities:Bar:Members:Shmitty   2.00 EUR  
  Income:Bar                       -2.00 EUR  

2021-09-16 txn "Thomas deposited €5.00"
  timestamp: "2021-09-16 19:43:59.373401"
  type: "deposit"
  Liabilities:Bar:Members:Thomas  -5.00 EUR
  Assets:Cash:Bar                  5.00 EUR

2021-09-16 txn "Thomas bought 2 items for €3.20"
  timestamp: "2021-09-16 19:44:59.643128"
  type: "purchase"
  Assets:Inventory:Bar               -1 CIDER
  Liabilities:Bar:Members:Thomas      1 CIDER
  Assets:Inventory:Bar               -1 CHIP 
  Liabilities:Bar:Members:Thomas      1 CHIP 
  Liabilities:Bar:Members:Thomas   3.20 EUR  
  Income:Bar                      -3.20 EUR  

2021-09-16 txn "Koen bought 1 items for €1.50"
  timestamp: "2021-09-16 19:59:15.171451"
  type: "purchase"
  Assets:Inventory:Bar             -1 JUPILER
  Liabilities:Bar:Members:Koen      1 JUPILER
  Liabilities:Bar:Members:Koen   1.50 EUR    
  Income:Bar                    -1.50 EUR    

2021-09-16 txn "Thomas bought 1 items for €1.20"
  timestamp: "2021-09-16 20:02:17.365382"
  type: "purchase"
  Assets:Inventory:Bar               -1 CHIP
  Liabilities:Bar:Members:Thomas      1 CHIP
  Liabilities:Bar:Members:Thomas   1.20 EUR 
  Income:Bar                      -1.20 EUR 

2021-09-16 txn "Bloemist bought 1 items for €1.20"
  timestamp: "2021-09-16 20:02:36.892791"
  type: "purchase"
  Assets:Inventory:Bar                 -1 CHIP
  Liabilities:Bar:Members:Bloemist      1 CHIP
  Liabilities:Bar:Members:Bloemist   1.20 EUR 
  Income:Bar                        -1.20 EUR 

2021-09-16 txn "--CASH-- bought 1 items for €1.20"
  timestamp: "2021-09-16 20:03:21.325433"
  type: "purchase"
  Assets:Inventory:Bar     -1 CHIP
  Assets:Cash:Bar           1 CHIP
  Assets:Cash:Bar        1.20 EUR 
  Income:Bar            -1.20 EUR 

2021-09-16 txn "Carro​armato0 bought 1 items for €1.20"
  timestamp: "2021-09-16 20:12:44.079931"
  type: "purchase"
  Assets:Inventory:Bar                     -1 CHIP
  Liabilities:Bar:Members:Carroarmato0      1 CHIP
  Liabilities:Bar:Members:Carroarmato0   1.20 EUR 
  Income:Bar                            -1.20 EUR 

2021-09-16 txn "Thomas bought 1 items for €1.50"
  timestamp: "2021-09-16 20:18:55.361189"
  type: "purchase"
  Assets:Inventory:Bar               -1 JUPILER
  Liabilities:Bar:Members:Thomas      1 JUPILER
  Liabilities:Bar:Members:Thomas   1.50 EUR    
  Income:Bar                      -1.50 EUR    

2021-09-16 txn "Carro​armato0 bought 3 items for €3.40"
  timestamp: "2021-09-16 20:21:28.700773"
  type: "purchase"
  Assets:Inventory:Bar                     -1 FRITZ 
  Liabilities:Bar:Members:Carroarmato0      1 FRITZ 
  Assets:Inventory:Bar                     -2 PICKUP
  Liabilities:Bar:Members:Carroarmato0      2 PICKUP
  Liabilities:Bar:Members:Carroarmato0   3.40 EUR   
  Income:Bar                            -3.40 EUR   

2021-09-16 txn "Sander bought 1 items for €0.70"
  timestamp: "2021-09-16 20:27:19.030065"
  type: "purchase"
  Assets:Inventory:Bar               -1 PICKUP
  Liabilities:Bar:Members:Sander      1 PICKUP
  Liabilities:Bar:Members:Sander   0.70 EUR   
  Income:Bar                      -0.70 EUR   

2021-09-16 txn "Bloemist deposited €-30.00"
  timestamp: "2021-09-16 20:48:51.866808"
  type: "deposit"
  Liabilities:Bar:Members:Bloemist   30.00 EUR
  Assets:Cash:Bar                   -30.00 EUR

2021-09-16 txn "Thomas bought 1 items for €0.60"
  timestamp: "2021-09-16 21:05:38.513531"
  type: "purchase"
  Assets:Inventory:Bar               -1 SNICKERS
  Liabilities:Bar:Members:Thomas      1 SNICKERS
  Liabilities:Bar:Members:Thomas   0.60 EUR     
  Income:Bar                      -0.60 EUR     

2021-09-16 txn "Shmitty bought 1 items for €2.00"
  timestamp: "2021-09-16 21:41:39.583857"
  type: "purchase"
  Assets:Inventory:Bar                -1 FRITZ
  Liabilities:Bar:Members:Shmitty      1 FRITZ
  Liabilities:Bar:Members:Shmitty   2.00 EUR  
  Income:Bar                       -2.00 EUR  

2021-09-16 txn "Evils bought 1 items for €0.60"
  timestamp: "2021-09-16 21:48:22.367392"
  type: "purchase"
  Assets:Inventory:Bar              -1 MARS
  Liabilities:Bar:Members:Elvis      1 MARS
  Liabilities:Bar:Members:Elvis   0.60 EUR 
  Income:Bar                     -0.60 EUR 

2021-09-16 txn "Fearless bought 1 items for €1.50"
  timestamp: "2021-09-16 22:02:14.307205"
  type: "purchase"
  Assets:Inventory:Bar                 -1 AGRUMES
  Liabilities:Bar:Members:Fearless      1 AGRUMES
  Liabilities:Bar:Members:Fearless   1.50 EUR    
  Income:Bar                        -1.50 EUR    

2021-09-17 txn "TQ bought 1 items for €2.00"
  timestamp: "2021-09-17 11:22:31.905186"
  type: "purchase"
  Assets:Inventory:Bar                -1 FLORA
  Liabilities:Bar:Members:Thequux      1 FLORA
  Liabilities:Bar:Members:Thequux   2.00 EUR  
  Income:Bar                       -2.00 EUR  

2021-09-17 txn "TQ bought 1 items for €1.20"
  timestamp: "2021-09-17 13:21:40.165383"
  type: "purchase"
  Assets:Inventory:Bar                -1 FOOD_CUP
  Liabilities:Bar:Members:Thequux      1 FOOD_CUP
  Liabilities:Bar:Members:Thequux   1.20 EUR     
  Income:Bar                       -1.20 EUR     

2021-09-18 txn "Sander bought 1 items for €1.50"
  timestamp: "2021-09-18 13:25:21.721415"
  type: "purchase"
  Assets:Inventory:Bar               -1 FANTA
  Liabilities:Bar:Members:Sander      1 FANTA
  Liabilities:Bar:Members:Sander   1.50 EUR  
  Income:Bar                      -1.50 EUR  

2021-09-20 txn "Yvan bought 1 items for €1.50"
  timestamp: "2021-09-20 07:20:53.509467"
  type: "purchase"
  Assets:Inventory:Bar             -1 ICETEA
  Liabilities:Bar:Members:Yvan      1 ICETEA
  Liabilities:Bar:Members:Yvan   1.50 EUR   
  Income:Bar                    -1.50 EUR   

2021-09-20 txn "Yvan bought 3 items for €2.70"
  timestamp: "2021-09-20 08:52:24.874804"
  type: "purchase"
  Assets:Inventory:Bar             -1 ICETEA
  Liabilities:Bar:Members:Yvan      1 ICETEA
  Assets:Inventory:Bar             -2 MARS  
  Liabilities:Bar:Members:Yvan      2 MARS  
  Liabilities:Bar:Members:Yvan   2.70 EUR   
  Income:Bar                    -2.70 EUR   

2021-09-20 txn "Yvan bought 1 items for €1.50"
  timestamp: "2021-09-20 11:20:18.860199"
  type: "purchase"
  Assets:Inventory:Bar             -1 ICETEA
  Liabilities:Bar:Members:Yvan      1 ICETEA
  Liabilities:Bar:Members:Yvan   1.50 EUR   
  Income:Bar                    -1.50 EUR   

2021-09-20 txn "Sander bought 1 items for €0.75"
  timestamp: "2021-09-20 15:12:36.569797"
  type: "purchase"
  Assets:Inventory:Bar               -1 WATER
  Liabilities:Bar:Members:Sander      1 WATER
  Liabilities:Bar:Members:Sander   0.75 EUR  
  Income:Bar                      -0.75 EUR  

2021-09-20 txn "Yvan bought 1 items for €1.50"
  timestamp: "2021-09-20 15:14:27.536690"
  type: "purchase"
  Assets:Inventory:Bar             -1 ICETEA
  Liabilities:Bar:Members:Yvan      1 ICETEA
  Liabilities:Bar:Members:Yvan   1.50 EUR   
  Income:Bar                    -1.50 EUR   

2021-09-21 txn "Yvan bought 1 items for €1.50"
  timestamp: "2021-09-21 07:16:10.340276"
  type: "purchase"
  Assets:Inventory:Bar             -1 ICETEA
  Liabilities:Bar:Members:Yvan      1 ICETEA
  Liabilities:Bar:Members:Yvan   1.50 EUR   
  Income:Bar                    -1.50 EUR   

2021-09-21 txn "Yvan bought 1 items for €0.60"
  timestamp: "2021-09-21 08:20:08.353729"
  type: "purchase"
  Assets:Inventory:Bar             -1 SNICKERS
  Liabilities:Bar:Members:Yvan      1 SNICKERS
  Liabilities:Bar:Members:Yvan   0.60 EUR     
  Income:Bar                    -0.60 EUR     

2021-09-21 txn "Yvan bought 1 items for €1.50"
  timestamp: "2021-09-21 08:56:04.354909"
  type: "purchase"
  Assets:Inventory:Bar             -1 ICETEA
  Liabilities:Bar:Members:Yvan      1 ICETEA
  Liabilities:Bar:Members:Yvan   1.50 EUR   
  Income:Bar                    -1.50 EUR   

2021-09-21 txn "Evils bought 3 items for €6.00"
  timestamp: "2021-09-21 10:32:02.944417"
  type: "purchase"
  Assets:Inventory:Bar              -1 FRITZ   
  Liabilities:Bar:Members:Elvis      1 FRITZ   
  Assets:Inventory:Bar              -2 VITAMALZ
  Liabilities:Bar:Members:Elvis      2 VITAMALZ
  Liabilities:Bar:Members:Elvis   6.00 EUR     
  Income:Bar                     -6.00 EUR     

2021-09-21 txn "Evils bought 3 items for €3.00"
  timestamp: "2021-09-21 11:32:46.361566"
  type: "purchase"
  Assets:Inventory:Bar                -3 ROM
  Liabilities:Bar:Members:Elvis        3 ROM
  Liabilities:Bar:Members:Elvis     3.00 EUR
  Liabilities:Bar:Members:Thequux  -1.50 EUR
  Income:Bar                       -1.50 EUR

2021-09-21 txn "Ljaytee bought 1 items for €2.00"
  timestamp: "2021-09-21 12:50:45.805573"
  type: "purchase"
  Assets:Inventory:Bar                -1 CM 
  Liabilities:Bar:Members:Ljaytee      1 CM 
  Liabilities:Bar:Members:Ljaytee   2.00 EUR
  Income:Bar                       -2.00 EUR

2021-09-22 txn "Yvan bought 1 items for €1.50"
  timestamp: "2021-09-22 07:04:15.461468"
  type: "purchase"
  Assets:Inventory:Bar             -1 ICETEA
  Liabilities:Bar:Members:Yvan      1 ICETEA
  Liabilities:Bar:Members:Yvan   1.50 EUR   
  Income:Bar                    -1.50 EUR   

2021-09-22 txn "Yvan bought 1 items for €1.20"
  timestamp: "2021-09-22 08:46:36.159426"
  type: "purchase"
  Assets:Inventory:Bar             -1 CHIP
  Liabilities:Bar:Members:Yvan      1 CHIP
  Liabilities:Bar:Members:Yvan   1.20 EUR 
  Income:Bar                    -1.20 EUR 

2021-09-22 txn "Yvan bought 1 items for €1.20"
  timestamp: "2021-09-22 10:31:25.760313"
  type: "purchase"
  Assets:Inventory:Bar             -1 FOOD_CUP
  Liabilities:Bar:Members:Yvan      1 FOOD_CUP
  Liabilities:Bar:Members:Yvan   1.20 EUR     
  Income:Bar                    -1.20 EUR     

2021-09-22 txn "Ljaytee bought 2 items for €2.60"
  timestamp: "2021-09-22 10:33:59.061518"
  type: "purchase"
  Assets:Inventory:Bar                -1 CM  
  Liabilities:Bar:Members:Ljaytee      1 CM  
  Assets:Inventory:Bar                -1 MARS
  Liabilities:Bar:Members:Ljaytee      1 MARS
  Liabilities:Bar:Members:Ljaytee   2.60 EUR 
  Income:Bar                       -2.60 EUR 

2021-09-22 txn "Yvan bought 1 items for €1.50"
  timestamp: "2021-09-22 11:20:39.367518"
  type: "purchase"
  Assets:Inventory:Bar             -1 ICETEA
  Liabilities:Bar:Members:Yvan      1 ICETEA
  Liabilities:Bar:Members:Yvan   1.50 EUR   
  Income:Bar                    -1.50 EUR   

2021-09-22 txn "Yvan bought 1 items for €1.50"
  timestamp: "2021-09-22 13:41:47.347290"
  type: "purchase"
  Assets:Inventory:Bar             -1 ICETEA
  Liabilities:Bar:Members:Yvan      1 ICETEA
  Liabilities:Bar:Members:Yvan   1.50 EUR   
  Income:Bar                    -1.50 EUR   

2021-09-22 txn "Yvan bought 1 items for €1.20"
  timestamp: "2021-09-22 14:08:21.207474"
  type: "purchase"
  Assets:Inventory:Bar             -1 FOOD_CUP
  Liabilities:Bar:Members:Yvan      1 FOOD_CUP
  Liabilities:Bar:Members:Yvan   1.20 EUR     
  Income:Bar                    -1.20 EUR     

2021-09-23 txn "Yvan bought 1 items for €1.50"
  timestamp: "2021-09-23 09:57:45.089459"
  type: "purchase"
  Assets:Inventory:Bar             -1 ICETEA
  Liabilities:Bar:Members:Yvan      1 ICETEA
  Liabilities:Bar:Members:Yvan   1.50 EUR   
  Income:Bar                    -1.50 EUR   

2021-09-23 txn "Yvan bought 1 items for €1.50"
  timestamp: "2021-09-23 11:30:01.457407"
  type: "purchase"
  Assets:Inventory:Bar             -1 ICETEA
  Liabilities:Bar:Members:Yvan      1 ICETEA
  Liabilities:Bar:Members:Yvan   1.50 EUR   
  Income:Bar                    -1.50 EUR   

2021-09-23 txn "Bloemist bought 2 items for €2.20"
  timestamp: "2021-09-23 11:51:37.517003"
  type: "purchase"
  Assets:Inventory:Bar                 -1 COKE  
  Liabilities:Bar:Members:Bloemist      1 COKE  
  Assets:Inventory:Bar                 -1 PICKUP
  Liabilities:Bar:Members:Bloemist      1 PICKUP
  Liabilities:Bar:Members:Bloemist   2.20 EUR   
  Income:Bar                        -2.20 EUR   

2021-09-23 txn "Yvan bought 2 items for €1.40"
  timestamp: "2021-09-23 11:54:57.271462"
  type: "purchase"
  Assets:Inventory:Bar             -2 PICKUP
  Liabilities:Bar:Members:Yvan      2 PICKUP
  Liabilities:Bar:Members:Yvan   1.40 EUR   
  Income:Bar                    -1.40 EUR   

2021-09-23 txn "Bloemist bought 1 items for €0.70"
  timestamp: "2021-09-23 12:00:07.047522"
  type: "purchase"
  Assets:Inventory:Bar                 -1 PICKUP
  Liabilities:Bar:Members:Bloemist      1 PICKUP
  Liabilities:Bar:Members:Bloemist   0.70 EUR   
  Income:Bar                        -0.70 EUR   

2021-09-23 txn "Yvan bought 2 items for €1.20"
  timestamp: "2021-09-23 12:48:24.856306"
  type: "purchase"
  Assets:Inventory:Bar             -2 MARS
  Liabilities:Bar:Members:Yvan      2 MARS
  Liabilities:Bar:Members:Yvan   1.20 EUR 
  Income:Bar                    -1.20 EUR 

2021-09-23 txn "Bloemist deposited €12.00"
  timestamp: "2021-09-23 13:27:42.302756"
  type: "deposit"
  Liabilities:Bar:Members:Bloemist  -12.00 EUR
  Assets:Cash:Bar                    12.00 EUR

2021-09-23 txn "Bloemist gave Evils a gift of €0.60"
  timestamp: "2021-09-23 13:28:00.998427"
  type: "transfer"
  Liabilities:Bar:Members:Bloemist   0.60 EUR
  Liabilities:Bar:Members:Elvis     -0.60 EUR

2021-09-23 txn "Bloemist bought 2 items for €1.20"
  timestamp: "2021-09-23 13:46:20.942239"
  type: "purchase"
  Assets:Inventory:Bar                 -2 SNACK
  Liabilities:Bar:Members:Bloemist      2 SNACK
  Liabilities:Bar:Members:Bloemist   1.20 EUR  
  Income:Bar                        -1.20 EUR  

2021-09-23 txn "Yvan bought 2 items for €2.25"
  timestamp: "2021-09-23 13:54:00.633737"
  type: "purchase"
  Assets:Inventory:Bar             -1 ICETEA
  Liabilities:Bar:Members:Yvan      1 ICETEA
  Assets:Inventory:Bar             -1 WATER 
  Liabilities:Bar:Members:Yvan      1 WATER 
  Liabilities:Bar:Members:Yvan   2.25 EUR   
  Income:Bar                    -2.25 EUR   

2021-09-23 txn "Bloemist bought 1 items for €1.50"
  timestamp: "2021-09-23 14:38:19.711847"
  type: "purchase"
  Assets:Inventory:Bar                 -1 JUPILER
  Liabilities:Bar:Members:Bloemist      1 JUPILER
  Liabilities:Bar:Members:Bloemist   1.50 EUR    
  Income:Bar                        -1.50 EUR    

2021-09-23 txn "Bloemist bought 2 items for €1.20"
  timestamp: "2021-09-23 14:49:03.491078"
  type: "purchase"
  Assets:Inventory:Bar                 -2 SNACK
  Liabilities:Bar:Members:Bloemist      2 SNACK
  Liabilities:Bar:Members:Bloemist   1.20 EUR  
  Income:Bar                        -1.20 EUR  

2021-09-23 txn "Yvan bought 2 items for €2.10"
  timestamp: "2021-09-23 14:54:45.820701"
  type: "purchase"
  Assets:Inventory:Bar             -1 ICETEA  
  Liabilities:Bar:Members:Yvan      1 ICETEA  
  Assets:Inventory:Bar             -1 SNICKERS
  Liabilities:Bar:Members:Yvan      1 SNICKERS
  Liabilities:Bar:Members:Yvan   2.10 EUR     
  Income:Bar                    -2.10 EUR     

2021-09-23 txn "Sander bought 1 items for €1.50"
  timestamp: "2021-09-23 15:35:24.330070"
  type: "purchase"
  Assets:Inventory:Bar               -1 COKE
  Liabilities:Bar:Members:Sander      1 COKE
  Liabilities:Bar:Members:Sander   1.50 EUR 
  Income:Bar                      -1.50 EUR 

2021-09-23 txn "Evils bought 1 items for €1.00"
  timestamp: "2021-09-23 15:54:00.149636"
  type: "purchase"
  Assets:Inventory:Bar                -1 ROM
  Liabilities:Bar:Members:Elvis        1 ROM
  Liabilities:Bar:Members:Elvis     1.00 EUR
  Liabilities:Bar:Members:Thequux  -0.50 EUR
  Income:Bar                       -0.50 EUR

2021-09-23 txn "Bloemist bought 1 items for €0.70"
  timestamp: "2021-09-23 16:00:28.755517"
  type: "purchase"
  Assets:Inventory:Bar                 -1 PICKUP
  Liabilities:Bar:Members:Bloemist      1 PICKUP
  Liabilities:Bar:Members:Bloemist   0.70 EUR   
  Income:Bar                        -0.70 EUR   

2021-09-23 txn "Bloemist bought 2 items for €1.20"
  timestamp: "2021-09-23 16:29:13.464111"
  type: "purchase"
  Assets:Inventory:Bar                 -2 SNACK
  Liabilities:Bar:Members:Bloemist      2 SNACK
  Liabilities:Bar:Members:Bloemist   1.20 EUR  
  Income:Bar                        -1.20 EUR  

2021-09-23 txn "HansA bought 2 items for €4.00"
  timestamp: "2021-09-23 16:43:34.769795"
  type: "purchase"
  Assets:Inventory:Bar              -1 CMRED
  Liabilities:Bar:Members:HansA      1 CMRED
  Assets:Inventory:Bar              -1 CIDER
  Liabilities:Bar:Members:HansA      1 CIDER
  Liabilities:Bar:Members:HansA   4.00 EUR  
  Income:Bar                     -4.00 EUR  

2021-09-23 txn "Bloemist bought 1 items for €1.50"
  timestamp: "2021-09-23 16:56:34.692769"
  type: "purchase"
  Assets:Inventory:Bar                 -1 ICETEA
  Liabilities:Bar:Members:Bloemist      1 ICETEA
  Liabilities:Bar:Members:Bloemist   1.50 EUR   
  Income:Bar                        -1.50 EUR   

2021-09-23 txn "Yvan bought 1 items for €1.50"
  timestamp: "2021-09-23 17:16:10.632674"
  type: "purchase"
  Assets:Inventory:Bar             -1 ICETEA
  Liabilities:Bar:Members:Yvan      1 ICETEA
  Liabilities:Bar:Members:Yvan   1.50 EUR   
  Income:Bar                    -1.50 EUR   

2021-09-23 txn "Bloemist gave Sander a gift of €15.40"
  timestamp: "2021-09-23 17:17:21.701541"
  type: "transfer"
  Liabilities:Bar:Members:Bloemist   15.40 EUR
  Liabilities:Bar:Members:Sander    -15.40 EUR

2021-09-23 txn "Evils deposited €-1.00"
  timestamp: "2021-09-23 17:44:02.755587"
  type: "deposit"
  Liabilities:Bar:Members:Elvis   1.00 EUR
  Assets:Cash:Bar                -1.00 EUR

2021-09-23 txn "Evils gave Sander a gift of €8.90"
  timestamp: "2021-09-23 17:44:13.605597"
  type: "transfer"
  Liabilities:Bar:Members:Elvis    8.90 EUR
  Liabilities:Bar:Members:Sander  -8.90 EUR

2021-09-23 txn "Fearless bought 1 items for €1.50"
  timestamp: "2021-09-23 18:07:37.370984"
  type: "purchase"
  Assets:Inventory:Bar                 -1 JUPILER
  Liabilities:Bar:Members:Fearless      1 JUPILER
  Liabilities:Bar:Members:Fearless   1.50 EUR    
  Income:Bar                        -1.50 EUR    

2021-09-23 txn "Ljaytee bought 1 items for €1.50"
  timestamp: "2021-09-23 18:09:56.373534"
  type: "purchase"
  Assets:Inventory:Bar                -1 KRIEK
  Liabilities:Bar:Members:Ljaytee      1 KRIEK
  Liabilities:Bar:Members:Ljaytee   1.50 EUR  
  Income:Bar                       -1.50 EUR  

2021-09-23 txn "TQ bought 1 items for €2.00"
  timestamp: "2021-09-23 18:14:02.316950"
  type: "purchase"
  Assets:Inventory:Bar                -1 FLORA
  Liabilities:Bar:Members:Thequux      1 FLORA
  Liabilities:Bar:Members:Thequux   2.00 EUR  
  Income:Bar                       -2.00 EUR  

2021-09-23 txn "Yvan gave Sander a gift of €8.90"
  timestamp: "2021-09-23 18:19:49.669941"
  type: "transfer"
  Liabilities:Bar:Members:Yvan     8.90 EUR
  Liabilities:Bar:Members:Sander  -8.90 EUR

2021-09-23 txn "Sander bought 1 items for €1.50"
  timestamp: "2021-09-23 18:20:05.709416"
  type: "purchase"
  Assets:Inventory:Bar               -1 FANTA
  Liabilities:Bar:Members:Sander      1 FANTA
  Liabilities:Bar:Members:Sander   1.50 EUR  
  Income:Bar                      -1.50 EUR  

2021-09-23 txn "Bloemist bought 1 items for €1.50"
  timestamp: "2021-09-23 18:25:11.582621"
  type: "purchase"
  Assets:Inventory:Bar                 -1 SCHWEPPES
  Liabilities:Bar:Members:Bloemist      1 SCHWEPPES
  Liabilities:Bar:Members:Bloemist   1.50 EUR      
  Income:Bar                        -1.50 EUR      

2021-09-23 txn "HansA bought 2 items for €3.50"
  timestamp: "2021-09-23 18:31:31.905205"
  type: "purchase"
  Assets:Inventory:Bar              -1 CMRED
  Liabilities:Bar:Members:HansA      1 CMRED
  Assets:Inventory:Bar              -1 HG   
  Liabilities:Bar:Members:HansA      1 HG   
  Liabilities:Bar:Members:HansA   3.50 EUR  
  Income:Bar                     -3.50 EUR  

2021-09-23 txn "HansA deposited €20.00"
  timestamp: "2021-09-23 18:32:54.044570"
  type: "deposit"
  Liabilities:Bar:Members:HansA  -20.00 EUR
  Assets:Cash:Bar                 20.00 EUR

2021-09-23 txn "Yvan bought 1 items for €1.50"
  timestamp: "2021-09-23 19:13:21.780316"
  type: "purchase"
  Assets:Inventory:Bar             -1 ICETEA
  Liabilities:Bar:Members:Yvan      1 ICETEA
  Liabilities:Bar:Members:Yvan   1.50 EUR   
  Income:Bar                    -1.50 EUR   

2021-09-23 txn "Ljaytee bought 2 items for €2.60"
  timestamp: "2021-09-23 19:22:07.179350"
  type: "purchase"
  Assets:Inventory:Bar                -1 CIDER
  Liabilities:Bar:Members:Ljaytee      1 CIDER
  Assets:Inventory:Bar                -1 MARS 
  Liabilities:Bar:Members:Ljaytee      1 MARS 
  Liabilities:Bar:Members:Ljaytee   2.60 EUR  
  Income:Bar                       -2.60 EUR  

2021-09-23 txn "Evils bought 1 items for €2.00"
  timestamp: "2021-09-23 19:50:56.806770"
  type: "purchase"
  Assets:Inventory:Bar              -1 VITAMALZ
  Liabilities:Bar:Members:Elvis      1 VITAMALZ
  Liabilities:Bar:Members:Elvis   2.00 EUR     
  Income:Bar                     -2.00 EUR     

2021-09-23 txn "Sander bought 1 items for €1.50"
  timestamp: "2021-09-23 20:08:43.004831"
  type: "purchase"
  Assets:Inventory:Bar               -1 COKE
  Liabilities:Bar:Members:Sander      1 COKE
  Liabilities:Bar:Members:Sander   1.50 EUR 
  Income:Bar                      -1.50 EUR 

2021-09-23 txn "Bloemist bought 1 items for €1.50"
  timestamp: "2021-09-23 20:11:07.089101"
  type: "purchase"
  Assets:Inventory:Bar                 -1 FANTA
  Liabilities:Bar:Members:Bloemist      1 FANTA
  Liabilities:Bar:Members:Bloemist   1.50 EUR  
  Income:Bar                        -1.50 EUR  

2021-09-23 txn "Bloemist bought 1 items for €1.50"
  timestamp: "2021-09-23 21:02:56.225165"
  type: "purchase"
  Assets:Inventory:Bar                 -1 JUPILER
  Liabilities:Bar:Members:Bloemist      1 JUPILER
  Liabilities:Bar:Members:Bloemist   1.50 EUR    
  Income:Bar                        -1.50 EUR    

2021-09-23 txn "Ljaytee bought 1 items for €0.60"
  timestamp: "2021-09-23 21:34:41.534276"
  type: "purchase"
  Assets:Inventory:Bar                -1 MARS
  Liabilities:Bar:Members:Ljaytee      1 MARS
  Liabilities:Bar:Members:Ljaytee   0.60 EUR 
  Income:Bar                       -0.60 EUR 

2021-09-23 txn "Merlijn bought 2 items for €2.70"
  timestamp: "2021-09-23 22:07:18.755753"
  type: "purchase"
  Assets:Inventory:Bar                -1 PICKUP
  Liabilities:Bar:Members:Merlijn      1 PICKUP
  Assets:Inventory:Bar                -1 CIDER 
  Liabilities:Bar:Members:Merlijn      1 CIDER 
  Liabilities:Bar:Members:Merlijn   2.70 EUR   
  Income:Bar                       -2.70 EUR   

2021-09-23 txn "Bloemist bought 3 items for €3.20"
  timestamp: "2021-09-23 22:28:47.640403"
  type: "purchase"
  Assets:Inventory:Bar                 -2 SNACK
  Liabilities:Bar:Members:Bloemist      2 SNACK
  Assets:Inventory:Bar                 -1 CM   
  Liabilities:Bar:Members:Bloemist      1 CM   
  Liabilities:Bar:Members:Bloemist   3.20 EUR  
  Income:Bar                        -3.20 EUR  

2021-09-24 txn "Yvan bought 1 items for €1.50"
  timestamp: "2021-09-24 07:34:04.759339"
  type: "purchase"
  Assets:Inventory:Bar             -1 ICETEA
  Liabilities:Bar:Members:Yvan      1 ICETEA
  Liabilities:Bar:Members:Yvan   1.50 EUR   
  Income:Bar                    -1.50 EUR   

2021-09-24 txn "Yvan bought 2 items for €2.50"
  timestamp: "2021-09-24 12:28:13.374965"
  type: "purchase"
  Assets:Inventory:Bar                -1 ICETEA
  Liabilities:Bar:Members:Yvan         1 ICETEA
  Assets:Inventory:Bar                -1 ROM   
  Liabilities:Bar:Members:Yvan         1 ROM   
  Liabilities:Bar:Members:Yvan      2.50 EUR   
  Liabilities:Bar:Members:Thequux  -0.50 EUR   
  Income:Bar                       -2.00 EUR   

2021-09-24 txn "Yvan bought 1 items for €0.70"
  timestamp: "2021-09-24 14:20:26.581700"
  type: "purchase"
  Assets:Inventory:Bar             -1 PICKUP
  Liabilities:Bar:Members:Yvan      1 PICKUP
  Liabilities:Bar:Members:Yvan   0.70 EUR   
  Income:Bar                    -0.70 EUR   

2021-09-26 txn "Yvan bought 1 items for €1.50"
  timestamp: "2021-09-26 08:33:39.057496"
  type: "purchase"
  Assets:Inventory:Bar             -1 ICETEA_ZERO
  Liabilities:Bar:Members:Yvan      1 ICETEA_ZERO
  Liabilities:Bar:Members:Yvan   1.50 EUR        
  Income:Bar                    -1.50 EUR        

2021-09-26 txn "Yvan bought 2 items for €2.20"
  timestamp: "2021-09-26 11:17:55.937590"
  type: "purchase"
  Assets:Inventory:Bar             -1 ICETEA
  Liabilities:Bar:Members:Yvan      1 ICETEA
  Assets:Inventory:Bar             -1 PICKUP
  Liabilities:Bar:Members:Yvan      1 PICKUP
  Liabilities:Bar:Members:Yvan   2.20 EUR   
  Income:Bar                    -2.20 EUR   

2021-09-26 txn "Yvan bought 2 items for €3.00"
  timestamp: "2021-09-26 12:16:57.131037"
  type: "purchase"
  Assets:Inventory:Bar             -1 COKE  
  Liabilities:Bar:Members:Yvan      1 COKE  
  Assets:Inventory:Bar             -1 ICETEA
  Liabilities:Bar:Members:Yvan      1 ICETEA
  Liabilities:Bar:Members:Yvan   3.00 EUR   
  Income:Bar                    -3.00 EUR   

2021-09-26 txn "Sander gave Yvan a gift of €1.50"
  timestamp: "2021-09-26 12:17:11.893381"
  type: "transfer"
  Liabilities:Bar:Members:Sander   1.50 EUR
  Liabilities:Bar:Members:Yvan    -1.50 EUR

2021-09-26 txn "Yvan bought 1 items for €1.50"
  timestamp: "2021-09-26 13:13:48.897452"
  type: "purchase"
  Assets:Inventory:Bar             -1 ICETEA
  Liabilities:Bar:Members:Yvan      1 ICETEA
  Liabilities:Bar:Members:Yvan   1.50 EUR   
  Income:Bar                    -1.50 EUR   

2021-09-26 txn "Evils bought 1 items for €2.00"
  timestamp: "2021-09-26 14:54:34.188682"
  type: "purchase"
  Assets:Inventory:Bar              -1 FLORA
  Liabilities:Bar:Members:Elvis      1 FLORA
  Liabilities:Bar:Members:Elvis   2.00 EUR  
  Income:Bar                     -2.00 EUR  

2021-09-26 txn "Yvan bought 1 items for €1.50"
  timestamp: "2021-09-26 17:56:21.821607"
  type: "purchase"
  Assets:Inventory:Bar             -1 ICETEA
  Liabilities:Bar:Members:Yvan      1 ICETEA
  Liabilities:Bar:Members:Yvan   1.50 EUR   
  Income:Bar                    -1.50 EUR   

2021-09-26 txn "Evils bought 1 items for €0.60"
  timestamp: "2021-09-26 18:04:50.836995"
  type: "purchase"
  Assets:Inventory:Bar              -1 MARS
  Liabilities:Bar:Members:Elvis      1 MARS
  Liabilities:Bar:Members:Elvis   0.60 EUR 
  Income:Bar                     -0.60 EUR 

2021-09-26 txn "Sander bought 1 items for €0.60"
  timestamp: "2021-09-26 19:04:38.678745"
  type: "purchase"
  Assets:Inventory:Bar               -1 ICE_CREAM
  Liabilities:Bar:Members:Sander      1 ICE_CREAM
  Liabilities:Bar:Members:Sander   0.60 EUR      
  Income:Bar                      -0.60 EUR      

2021-09-26 txn "Evils bought 1 items for €1.00"
  timestamp: "2021-09-26 19:23:56.289007"
  type: "purchase"
  Assets:Inventory:Bar                -1 ROM
  Liabilities:Bar:Members:Elvis        1 ROM
  Liabilities:Bar:Members:Elvis     1.00 EUR
  Liabilities:Bar:Members:Thequux  -0.50 EUR
  Income:Bar                       -0.50 EUR

2021-09-27 txn "Yvan bought 2 items for €2.10"
  timestamp: "2021-09-27 10:41:07.343771"
  type: "purchase"
  Assets:Inventory:Bar             -1 ICETEA  
  Liabilities:Bar:Members:Yvan      1 ICETEA  
  Assets:Inventory:Bar             -1 SNICKERS
  Liabilities:Bar:Members:Yvan      1 SNICKERS
  Liabilities:Bar:Members:Yvan   2.10 EUR     
  Income:Bar                    -2.10 EUR     

2021-09-27 txn "Yvan bought 4 items for €3.60"
  timestamp: "2021-09-27 12:22:46.945640"
  type: "purchase"
  Assets:Inventory:Bar             -1 COKE  
  Liabilities:Bar:Members:Yvan      1 COKE  
  Assets:Inventory:Bar             -3 PICKUP
  Liabilities:Bar:Members:Yvan      3 PICKUP
  Liabilities:Bar:Members:Yvan   3.60 EUR   
  Income:Bar                    -3.60 EUR   

2021-09-28 txn "Yvan bought 1 items for €1.50"
  timestamp: "2021-09-28 09:58:51.365351"
  type: "purchase"
  Assets:Inventory:Bar             -1 ICETEA
  Liabilities:Bar:Members:Yvan      1 ICETEA
  Liabilities:Bar:Members:Yvan   1.50 EUR   
  Income:Bar                    -1.50 EUR   

2021-09-28 txn "Yvan bought 3 items for €2.60"
  timestamp: "2021-09-28 12:50:55.646021"
  type: "purchase"
  Assets:Inventory:Bar             -1 CHIP  
  Liabilities:Bar:Members:Yvan      1 CHIP  
  Assets:Inventory:Bar             -2 PICKUP
  Liabilities:Bar:Members:Yvan      2 PICKUP
  Liabilities:Bar:Members:Yvan   2.60 EUR   
  Income:Bar                    -2.60 EUR   

2021-09-28 txn "Yvan bought 2 items for €2.70"
  timestamp: "2021-09-28 13:23:52.455703"
  type: "purchase"
  Assets:Inventory:Bar             -1 COKE
  Liabilities:Bar:Members:Yvan      1 COKE
  Assets:Inventory:Bar             -1 CHIP
  Liabilities:Bar:Members:Yvan      1 CHIP
  Liabilities:Bar:Members:Yvan   2.70 EUR 
  Income:Bar                    -2.70 EUR 

2021-09-28 txn "Yvan bought 3 items for €2.10"
  timestamp: "2021-09-28 15:26:01.986509"
  type: "purchase"
  Assets:Inventory:Bar             -3 PICKUP
  Liabilities:Bar:Members:Yvan      3 PICKUP
  Liabilities:Bar:Members:Yvan   2.10 EUR   
  Income:Bar                    -2.10 EUR   

2021-09-28 txn "Yvan bought 1 items for €1.50"
  timestamp: "2021-09-28 18:06:59.722360"
  type: "purchase"
  Assets:Inventory:Bar             -1 COKE
  Liabilities:Bar:Members:Yvan      1 COKE
  Liabilities:Bar:Members:Yvan   1.50 EUR 
  Income:Bar                    -1.50 EUR 

2021-09-29 txn "TQ bought 1 items for €2.00"
  timestamp: "2021-09-29 10:03:43.358809"
  type: "purchase"
  Assets:Inventory:Bar                -1 FLORA
  Liabilities:Bar:Members:Thequux      1 FLORA
  Liabilities:Bar:Members:Thequux   2.00 EUR  
  Income:Bar                       -2.00 EUR  

2021-09-29 txn "TQ bought 2 items for €1.20"
  timestamp: "2021-09-29 13:54:50.042278"
  type: "purchase"
  Assets:Inventory:Bar                -1 MARS    
  Liabilities:Bar:Members:Thequux      1 MARS    
  Assets:Inventory:Bar                -1 SNICKERS
  Liabilities:Bar:Members:Thequux      1 SNICKERS
  Liabilities:Bar:Members:Thequux   1.20 EUR     
  Income:Bar                       -1.20 EUR     

2021-09-30 txn "TQ bought 1 items for €2.00"
  timestamp: "2021-09-30 11:44:13.287777"
  type: "purchase"
  Assets:Inventory:Bar                -1 CMRED
  Liabilities:Bar:Members:Thequux      1 CMRED
  Liabilities:Bar:Members:Thequux   2.00 EUR  
  Income:Bar                       -2.00 EUR  

2021-09-30 txn "Ljaytee bought 2 items for €3.50"
  timestamp: "2021-09-30 17:15:26.004520"
  type: "purchase"
  Assets:Inventory:Bar                -1 CMRED
  Liabilities:Bar:Members:Ljaytee      1 CMRED
  Assets:Inventory:Bar                -1 FANTA
  Liabilities:Bar:Members:Ljaytee      1 FANTA
  Liabilities:Bar:Members:Ljaytee   3.50 EUR  
  Income:Bar                       -3.50 EUR  

2021-09-30 txn "Evils bought 1 items for €2.00"
  timestamp: "2021-09-30 17:59:49.359998"
  type: "purchase"
  Assets:Inventory:Bar              -1 FLORA
  Liabilities:Bar:Members:Elvis      1 FLORA
  Liabilities:Bar:Members:Elvis   2.00 EUR  
  Income:Bar                     -2.00 EUR  

2021-09-30 txn "Merlijn bought 2 items for €3.00"
  timestamp: "2021-09-30 18:00:55.439390"
  type: "purchase"
  Assets:Inventory:Bar                -1 ROM  
  Liabilities:Bar:Members:Merlijn      1 ROM  
  Assets:Inventory:Bar                -1 CIDER
  Liabilities:Bar:Members:Merlijn      1 CIDER
  Liabilities:Bar:Members:Merlijn   3.00 EUR  
  Liabilities:Bar:Members:Thequux  -0.50 EUR  
  Income:Bar                       -2.50 EUR  

2021-09-30 txn "Yvan gave Sander a gift of €10.90"
  timestamp: "2021-09-30 19:01:07.619169"
  type: "transfer"
  Liabilities:Bar:Members:Yvan     10.90 EUR
  Liabilities:Bar:Members:Sander  -10.90 EUR

2021-09-30 txn "Sander bought 1 items for €1.50"
  timestamp: "2021-09-30 19:01:12.429397"
  type: "purchase"
  Assets:Inventory:Bar               -1 COKE
  Liabilities:Bar:Members:Sander      1 COKE
  Liabilities:Bar:Members:Sander   1.50 EUR 
  Income:Bar                      -1.50 EUR 

2021-09-30 txn "Sander bought 1 items for €0.60"
  timestamp: "2021-09-30 19:07:55.505408"
  type: "purchase"
  Assets:Inventory:Bar               -1 EXPIRED_DRINK
  Liabilities:Bar:Members:Sander      1 EXPIRED_DRINK
  Liabilities:Bar:Members:Sander   0.60 EUR          
  Income:Bar                      -0.60 EUR          

2021-09-30 txn "Ljaytee bought 1 items for €1.50"
  timestamp: "2021-09-30 19:12:58.135102"
  type: "purchase"
  Assets:Inventory:Bar                -1 FANTA
  Liabilities:Bar:Members:Ljaytee      1 FANTA
  Liabilities:Bar:Members:Ljaytee   1.50 EUR  
  Income:Bar                       -1.50 EUR  

2021-09-30 txn "Ljaytee deposited €14.00"
  timestamp: "2021-09-30 19:16:30.836753"
  type: "deposit"
  Liabilities:Bar:Members:Ljaytee  -14.00 EUR
  Assets:Cash:Bar                   14.00 EUR

2021-09-30 txn "Shmitty bought 1 items for €1.50"
  timestamp: "2021-09-30 19:22:20.756151"
  type: "purchase"
  Assets:Inventory:Bar                -1 COKE
  Liabilities:Bar:Members:Shmitty      1 COKE
  Liabilities:Bar:Members:Shmitty   1.50 EUR 
  Income:Bar                       -1.50 EUR 

2021-09-30 txn "Koen bought 1 items for €1.50"
  timestamp: "2021-09-30 19:23:05.606889"
  type: "purchase"
  Assets:Inventory:Bar             -1 JUPILER
  Liabilities:Bar:Members:Koen      1 JUPILER
  Liabilities:Bar:Members:Koen   1.50 EUR    
  Income:Bar                    -1.50 EUR    

2021-09-30 txn "Koen bought 1 items for €1.50"
  timestamp: "2021-09-30 19:43:56.358271"
  type: "purchase"
  Assets:Inventory:Bar             -1 JUPILER
  Liabilities:Bar:Members:Koen      1 JUPILER
  Liabilities:Bar:Members:Koen   1.50 EUR    
  Income:Bar                    -1.50 EUR    

2021-09-30 txn "Evils bought 1 items for €1.00"
  timestamp: "2021-09-30 19:54:02.525744"
  type: "purchase"
  Assets:Inventory:Bar                -1 ROM
  Liabilities:Bar:Members:Elvis        1 ROM
  Liabilities:Bar:Members:Elvis     1.00 EUR
  Liabilities:Bar:Members:Thequux  -0.50 EUR
  Income:Bar                       -0.50 EUR

2021-09-30 txn "Koen bought 1 items for €1.50"
  timestamp: "2021-09-30 20:22:20.233943"
  type: "purchase"
  Assets:Inventory:Bar             -1 JUPILER
  Liabilities:Bar:Members:Koen      1 JUPILER
  Liabilities:Bar:Members:Koen   1.50 EUR    
  Income:Bar                    -1.50 EUR    

2021-09-30 txn "Ljaytee bought 1 items for €1.50"
  timestamp: "2021-09-30 21:00:46.121070"
  type: "purchase"
  Assets:Inventory:Bar                -1 COKE
  Liabilities:Bar:Members:Ljaytee      1 COKE
  Liabilities:Bar:Members:Ljaytee   1.50 EUR 
  Income:Bar                       -1.50 EUR 

2021-09-30 txn "Merlijn bought 2 items for €2.60"
  timestamp: "2021-09-30 21:01:50.020318"
  type: "purchase"
  Assets:Inventory:Bar                -1 CIDER
  Liabilities:Bar:Members:Merlijn      1 CIDER
  Assets:Inventory:Bar                -1 MARS 
  Liabilities:Bar:Members:Merlijn      1 MARS 
  Liabilities:Bar:Members:Merlijn   2.60 EUR  
  Income:Bar                       -2.60 EUR  

2021-09-30 txn "Merlijn deposited €120.00"
  timestamp: "2021-09-30 21:04:14.316472"
  type: "deposit"
  Liabilities:Bar:Members:Merlijn  -120.00 EUR
  Assets:Cash:Bar                   120.00 EUR

2021-09-30 txn "TQ bought 1 items for €1.50"
  timestamp: "2021-09-30 21:05:42.089832"
  type: "purchase"
  Assets:Inventory:Bar                -1 COKE
  Liabilities:Bar:Members:Thequux      1 COKE
  Liabilities:Bar:Members:Thequux   1.50 EUR 
  Income:Bar                       -1.50 EUR 

2021-09-30 txn "Shmitty bought 1 items for €1.50"
  timestamp: "2021-09-30 21:06:40.362254"
  type: "purchase"
  Assets:Inventory:Bar                -1 JUPILER
  Liabilities:Bar:Members:Shmitty      1 JUPILER
  Liabilities:Bar:Members:Shmitty   1.50 EUR    
  Income:Bar                       -1.50 EUR    

2021-10-03 txn "Yvan bought 1 items for €1.50"
  timestamp: "2021-10-03 11:54:12.358107"
  type: "purchase"
  Assets:Inventory:Bar             -1 ICETEA
  Liabilities:Bar:Members:Yvan      1 ICETEA
  Liabilities:Bar:Members:Yvan   1.50 EUR   
  Income:Bar                    -1.50 EUR   

2021-10-03 txn "Sander bought 1 items for €0.60"
  timestamp: "2021-10-03 15:17:59.558885"
  type: "purchase"
  Assets:Inventory:Bar               -1 EXPIRED_DRINK
  Liabilities:Bar:Members:Sander      1 EXPIRED_DRINK
  Liabilities:Bar:Members:Sander   0.60 EUR          
  Income:Bar                      -0.60 EUR          

2021-10-03 txn "Yvan bought 1 items for €1.50"
  timestamp: "2021-10-03 16:40:51.996280"
  type: "purchase"
  Assets:Inventory:Bar             -1 ICETEA
  Liabilities:Bar:Members:Yvan      1 ICETEA
  Liabilities:Bar:Members:Yvan   1.50 EUR   
  Income:Bar                    -1.50 EUR   

2021-10-03 txn "Yvan bought 3 items for €2.10"
  timestamp: "2021-10-03 17:23:43.977661"
  type: "purchase"
  Assets:Inventory:Bar             -3 PICKUP
  Liabilities:Bar:Members:Yvan      3 PICKUP
  Liabilities:Bar:Members:Yvan   2.10 EUR   
  Income:Bar                    -2.10 EUR   

2021-10-03 txn "Yvan bought 1 items for €1.50"
  timestamp: "2021-10-03 18:52:34.669463"
  type: "purchase"
  Assets:Inventory:Bar             -1 ICETEA
  Liabilities:Bar:Members:Yvan      1 ICETEA
  Liabilities:Bar:Members:Yvan   1.50 EUR   
  Income:Bar                    -1.50 EUR   

2021-10-03 txn "Sander bought 1 items for €0.60"
  timestamp: "2021-10-03 19:32:40.749846"
  type: "purchase"
  Assets:Inventory:Bar               -1 EXPIRED_DRINK
  Liabilities:Bar:Members:Sander      1 EXPIRED_DRINK
  Liabilities:Bar:Members:Sander   0.60 EUR          
  Income:Bar                      -0.60 EUR          

2021-10-03 txn "qwaxys bought 1 items for €1.50"
  timestamp: "2021-10-03 19:33:11.529870"
  type: "purchase"
  Assets:Inventory:Bar             -1 FANTA
  Liabilities:Bar:Members:Bart      1 FANTA
  Liabilities:Bar:Members:Bart   1.50 EUR  
  Income:Bar                    -1.50 EUR  

2021-10-03 txn "Yvan bought 1 items for €1.50"
  timestamp: "2021-10-03 19:33:38.957758"
  type: "purchase"
  Assets:Inventory:Bar             -1 FANTA
  Liabilities:Bar:Members:Yvan      1 FANTA
  Liabilities:Bar:Members:Yvan   1.50 EUR  
  Income:Bar                    -1.50 EUR  

2021-10-03 txn "Sander gave Yvan a gift of €10.00"
  timestamp: "2021-10-03 20:20:14.085777"
  type: "transfer"
  Liabilities:Bar:Members:Sander   10.00 EUR
  Liabilities:Bar:Members:Yvan    -10.00 EUR

2021-10-03 txn "Sander bought 1 items for €1.50"
  timestamp: "2021-10-03 20:20:43.581499"
  type: "purchase"
  Assets:Inventory:Bar               -1 COKE
  Liabilities:Bar:Members:Sander      1 COKE
  Liabilities:Bar:Members:Sander   1.50 EUR 
  Income:Bar                      -1.50 EUR 

2021-10-04 txn "Yvan bought 1 items for €1.50"
  timestamp: "2021-10-04 08:17:54.361985"
  type: "purchase"
  Assets:Inventory:Bar             -1 ICETEA
  Liabilities:Bar:Members:Yvan      1 ICETEA
  Liabilities:Bar:Members:Yvan   1.50 EUR   
  Income:Bar                    -1.50 EUR   

2021-10-04 txn "Yvan bought 2 items for €2.70"
  timestamp: "2021-10-04 11:34:27.985599"
  type: "purchase"
  Assets:Inventory:Bar             -1 ICETEA
  Liabilities:Bar:Members:Yvan      1 ICETEA
  Assets:Inventory:Bar             -1 CHIP  
  Liabilities:Bar:Members:Yvan      1 CHIP  
  Liabilities:Bar:Members:Yvan   2.70 EUR   
  Income:Bar                    -2.70 EUR   

2021-10-04 txn "Yvan bought 1 items for €1.50"
  timestamp: "2021-10-04 14:34:56.364244"
  type: "purchase"
  Assets:Inventory:Bar             -1 ICETEA
  Liabilities:Bar:Members:Yvan      1 ICETEA
  Liabilities:Bar:Members:Yvan   1.50 EUR   
  Income:Bar                    -1.50 EUR   

2021-10-05 txn "Yvan bought 1 items for €1.50"
  timestamp: "2021-10-05 07:17:16.541463"
  type: "purchase"
  Assets:Inventory:Bar             -1 ICETEA
  Liabilities:Bar:Members:Yvan      1 ICETEA
  Liabilities:Bar:Members:Yvan   1.50 EUR   
  Income:Bar                    -1.50 EUR   

2021-10-05 txn "Yvan bought 1 items for €1.50"
  timestamp: "2021-10-05 08:37:27.867248"
  type: "purchase"
  Assets:Inventory:Bar             -1 ICETEA
  Liabilities:Bar:Members:Yvan      1 ICETEA
  Liabilities:Bar:Members:Yvan   1.50 EUR   
  Income:Bar                    -1.50 EUR   

2021-10-05 txn "Yvan bought 2 items for €1.40"
  timestamp: "2021-10-05 10:16:32.881714"
  type: "purchase"
  Assets:Inventory:Bar             -2 PICKUP
  Liabilities:Bar:Members:Yvan      2 PICKUP
  Liabilities:Bar:Members:Yvan   1.40 EUR   
  Income:Bar                    -1.40 EUR   

2021-10-05 txn "Yvan bought 2 items for €1.20"
  timestamp: "2021-10-05 12:09:47.372599"
  type: "purchase"
  Assets:Inventory:Bar             -2 SNICKERS
  Liabilities:Bar:Members:Yvan      2 SNICKERS
  Liabilities:Bar:Members:Yvan   1.20 EUR     
  Income:Bar                    -1.20 EUR     

2021-10-07 txn "Carro​armato0 bought 1 items for €0.60"
  timestamp: "2021-10-07 14:46:19.185966"
  type: "purchase"
  Assets:Inventory:Bar                     -1 SNICKERS
  Liabilities:Bar:Members:Carroarmato0      1 SNICKERS
  Liabilities:Bar:Members:Carroarmato0   0.60 EUR     
  Income:Bar                            -0.60 EUR     

2021-10-07 txn "Carro​armato0 bought 2 items for €2.70"
  timestamp: "2021-10-07 15:17:26.005693"
  type: "purchase"
  Assets:Inventory:Bar                     -1 VITAMALZ
  Liabilities:Bar:Members:Carroarmato0      1 VITAMALZ
  Assets:Inventory:Bar                     -1 PICKUP  
  Liabilities:Bar:Members:Carroarmato0      1 PICKUP  
  Liabilities:Bar:Members:Carroarmato0   2.70 EUR     
  Income:Bar                            -2.70 EUR     

2021-10-07 txn "Merlijn bought 1 items for €1.50"
  timestamp: "2021-10-07 15:39:27.921460"
  type: "purchase"
  Assets:Inventory:Bar                -1 ICETEA
  Liabilities:Bar:Members:Merlijn      1 ICETEA
  Liabilities:Bar:Members:Merlijn   1.50 EUR   
  Income:Bar                       -1.50 EUR   

2021-10-07 txn "Sander bought 1 items for €1.50"
  timestamp: "2021-10-07 17:34:16.160894"
  type: "purchase"
  Assets:Inventory:Bar               -1 COKE
  Liabilities:Bar:Members:Sander      1 COKE
  Liabilities:Bar:Members:Sander   1.50 EUR 
  Income:Bar                      -1.50 EUR 

2021-10-07 txn "Evils bought 1 items for €2.00"
  timestamp: "2021-10-07 17:46:05.396045"
  type: "purchase"
  Assets:Inventory:Bar              -1 FLORA
  Liabilities:Bar:Members:Elvis      1 FLORA
  Liabilities:Bar:Members:Elvis   2.00 EUR  
  Income:Bar                     -2.00 EUR  

2021-10-07 txn "Anton​Alstublieft bought 1 items for €2.00"
  timestamp: "2021-10-07 17:53:38.873268"
  type: "purchase"
  Assets:Inventory:Bar                         -1 CMRED
  Liabilities:Bar:Members:AntonAlstublieft      1 CMRED
  Liabilities:Bar:Members:AntonAlstublieft   2.00 EUR  
  Income:Bar                                -2.00 EUR  

2021-10-07 txn "B0Hr bought 1 items for €2.00"
  timestamp: "2021-10-07 17:53:52.893465"
  type: "purchase"
  Assets:Inventory:Bar             -1 CMRED
  Liabilities:Bar:Members:B0Hr      1 CMRED
  Liabilities:Bar:Members:B0Hr   2.00 EUR  
  Income:Bar                    -2.00 EUR  

2021-10-07 txn "Sander bought 1 items for €0.75"
  timestamp: "2021-10-07 18:10:19.757227"
  type: "purchase"
  Assets:Inventory:Bar               -1 WATER
  Liabilities:Bar:Members:Sander      1 WATER
  Liabilities:Bar:Members:Sander   0.75 EUR  
  Income:Bar                      -0.75 EUR  

2021-10-07 txn "--CASH-- bought 2 items for €3.50"
  timestamp: "2021-10-07 18:25:56.819911"
  type: "purchase"
  Assets:Inventory:Bar     -1 FRITZ
  Assets:Cash:Bar           1 FRITZ
  Assets:Inventory:Bar     -1 COKE 
  Assets:Cash:Bar           1 COKE 
  Assets:Cash:Bar        3.50 EUR  
  Income:Bar            -3.50 EUR  

2021-10-07 txn "Thomas deposited €20.00"
  timestamp: "2021-10-07 18:37:00.661442"
  type: "deposit"
  Liabilities:Bar:Members:Thomas  -20.00 EUR
  Assets:Cash:Bar                  20.00 EUR

2021-10-07 txn "Thomas bought 1 items for €2.00"
  timestamp: "2021-10-07 18:37:23.499222"
  type: "purchase"
  Assets:Inventory:Bar               -1 CIDER
  Liabilities:Bar:Members:Thomas      1 CIDER
  Liabilities:Bar:Members:Thomas   2.00 EUR  
  Income:Bar                      -2.00 EUR  

2021-10-07 txn "Sander bought 1 items for €2.00"
  timestamp: "2021-10-07 18:38:28.658870"
  type: "purchase"
  Assets:Inventory:Bar               -1 FRITZ
  Liabilities:Bar:Members:Sander      1 FRITZ
  Liabilities:Bar:Members:Sander   2.00 EUR  
  Income:Bar                      -2.00 EUR  

2021-10-07 txn "Thomas bought 1 items for €4.00"
  timestamp: "2021-10-07 19:09:25.459427"
  type: "purchase"
  Assets:Inventory:Bar               -1 CHIMAY
  Liabilities:Bar:Members:Thomas      1 CHIMAY
  Liabilities:Bar:Members:Thomas   4.00 EUR   
  Income:Bar                      -4.00 EUR   

2021-10-07 txn "Anton​Alstublieft deposited €10.00"
  timestamp: "2021-10-07 19:10:41.161569"
  type: "deposit"
  Liabilities:Bar:Members:AntonAlstublieft  -10.00 EUR
  Assets:Cash:Bar                            10.00 EUR

2021-10-07 txn "Anton​Alstublieft bought 2 items for €2.10"
  timestamp: "2021-10-07 19:11:51.975998"
  type: "purchase"
  Assets:Inventory:Bar                         -1 FANTA
  Liabilities:Bar:Members:AntonAlstublieft      1 FANTA
  Assets:Inventory:Bar                         -1 MARS 
  Liabilities:Bar:Members:AntonAlstublieft      1 MARS 
  Liabilities:Bar:Members:AntonAlstublieft   2.10 EUR  
  Income:Bar                                -2.10 EUR  

2021-10-07 txn "B0Hr bought 2 items for €2.10"
  timestamp: "2021-10-07 19:12:06.567188"
  type: "purchase"
  Assets:Inventory:Bar             -1 COKE_ZERO
  Liabilities:Bar:Members:B0Hr      1 COKE_ZERO
  Assets:Inventory:Bar             -1 MARS     
  Liabilities:Bar:Members:B0Hr      1 MARS     
  Liabilities:Bar:Members:B0Hr   2.10 EUR      
  Income:Bar                    -2.10 EUR      

2021-10-07 txn "Sander bought 1 items for €1.50"
  timestamp: "2021-10-07 19:12:28.528950"
  type: "purchase"
  Assets:Inventory:Bar               -1 HG 
  Liabilities:Bar:Members:Sander      1 HG 
  Liabilities:Bar:Members:Sander   1.50 EUR
  Income:Bar                      -1.50 EUR

2021-10-07 txn "Carro​armato0 bought 1 items for €2.00"
  timestamp: "2021-10-07 19:12:42.886758"
  type: "purchase"
  Assets:Inventory:Bar                     -1 FLORA
  Liabilities:Bar:Members:Carroarmato0      1 FLORA
  Liabilities:Bar:Members:Carroarmato0   2.00 EUR  
  Income:Bar                            -2.00 EUR  

2021-10-07 txn "Carro​armato0 bought 1 items for €0.60"
  timestamp: "2021-10-07 19:12:49.096904"
  type: "purchase"
  Assets:Inventory:Bar                     -1 SNICKERS
  Liabilities:Bar:Members:Carroarmato0      1 SNICKERS
  Liabilities:Bar:Members:Carroarmato0   0.60 EUR     
  Income:Bar                            -0.60 EUR     

2021-10-07 txn "Thomas bought 2 items for €3.20"
  timestamp: "2021-10-07 20:06:52.229930"
  type: "purchase"
  Assets:Inventory:Bar               -1 CHIP 
  Liabilities:Bar:Members:Thomas      1 CHIP 
  Assets:Inventory:Bar               -1 CIDER
  Liabilities:Bar:Members:Thomas      1 CIDER
  Liabilities:Bar:Members:Thomas   3.20 EUR  
  Income:Bar                      -3.20 EUR  

2021-10-07 txn "B0Hr bought 1 items for €0.70"
  timestamp: "2021-10-07 20:17:06.487535"
  type: "purchase"
  Assets:Inventory:Bar             -1 PICKUP
  Liabilities:Bar:Members:B0Hr      1 PICKUP
  Liabilities:Bar:Members:B0Hr   0.70 EUR   
  Income:Bar                    -0.70 EUR   

2021-10-07 txn "B0Hr bought 1 items for €1.20"
  timestamp: "2021-10-07 20:26:19.281500"
  type: "purchase"
  Assets:Inventory:Bar             -1 CHIP
  Liabilities:Bar:Members:B0Hr      1 CHIP
  Liabilities:Bar:Members:B0Hr   1.20 EUR 
  Income:Bar                    -1.20 EUR 

2021-10-07 txn "Anton​Alstublieft bought 1 items for €1.50"
  timestamp: "2021-10-07 20:26:40.888788"
  type: "purchase"
  Assets:Inventory:Bar                         -1 COKE_ZERO
  Liabilities:Bar:Members:AntonAlstublieft      1 COKE_ZERO
  Liabilities:Bar:Members:AntonAlstublieft   1.50 EUR      
  Income:Bar                                -1.50 EUR      

2021-10-07 txn "B0Hr bought 1 items for €1.50"
  timestamp: "2021-10-07 20:27:05.142894"
  type: "purchase"
  Assets:Inventory:Bar             -1 HG 
  Liabilities:Bar:Members:B0Hr      1 HG 
  Liabilities:Bar:Members:B0Hr   1.50 EUR
  Income:Bar                    -1.50 EUR

2021-10-07 txn "Carro​armato0 bought 1 items for €1.20"
  timestamp: "2021-10-07 20:35:19.506472"
  type: "purchase"
  Assets:Inventory:Bar                     -1 CHIP
  Liabilities:Bar:Members:Carroarmato0      1 CHIP
  Liabilities:Bar:Members:Carroarmato0   1.20 EUR 
  Income:Bar                            -1.20 EUR 

2021-10-07 txn "Sander bought 1 items for €0.60"
  timestamp: "2021-10-07 20:45:09.594337"
  type: "purchase"
  Assets:Inventory:Bar               -1 EXPIRED_DRINK
  Liabilities:Bar:Members:Sander      1 EXPIRED_DRINK
  Liabilities:Bar:Members:Sander   0.60 EUR          
  Income:Bar                      -0.60 EUR          

2021-10-07 txn "Thomas bought 1 items for €2.00"
  timestamp: "2021-10-07 20:53:40.889416"
  type: "purchase"
  Assets:Inventory:Bar               -1 CIDER
  Liabilities:Bar:Members:Thomas      1 CIDER
  Liabilities:Bar:Members:Thomas   2.00 EUR  
  Income:Bar                      -2.00 EUR  

2021-10-07 txn "Thomas bought 1 items for €1.20"
  timestamp: "2021-10-07 20:53:49.397429"
  type: "purchase"
  Assets:Inventory:Bar               -1 CHIP
  Liabilities:Bar:Members:Thomas      1 CHIP
  Liabilities:Bar:Members:Thomas   1.20 EUR 
  Income:Bar                      -1.20 EUR 

2021-10-07 txn "Anton​Alstublieft bought 1 items for €0.70"
  timestamp: "2021-10-07 21:52:40.595349"
  type: "purchase"
  Assets:Inventory:Bar                         -1 PICKUP
  Liabilities:Bar:Members:AntonAlstublieft      1 PICKUP
  Liabilities:Bar:Members:AntonAlstublieft   0.70 EUR   
  Income:Bar                                -0.70 EUR   

2021-10-07 txn "B0Hr bought 1 items for €0.60"
  timestamp: "2021-10-07 21:52:50.777629"
  type: "purchase"
  Assets:Inventory:Bar             -1 MARS
  Liabilities:Bar:Members:B0Hr      1 MARS
  Liabilities:Bar:Members:B0Hr   0.60 EUR 
  Income:Bar                    -0.60 EUR 

2021-10-07 txn "Carro​armato0 bought 1 items for €1.20"
  timestamp: "2021-10-07 22:39:44.391955"
  type: "purchase"
  Assets:Inventory:Bar                     -1 FOOD_CUP
  Liabilities:Bar:Members:Carroarmato0      1 FOOD_CUP
  Liabilities:Bar:Members:Carroarmato0   1.20 EUR     
  Income:Bar                            -1.20 EUR     

2021-10-07 txn "Sander bought 1 items for €0.60"
  timestamp: "2021-10-07 23:09:19.619813"
  type: "purchase"
  Assets:Inventory:Bar               -1 EXPIRED_DRINK
  Liabilities:Bar:Members:Sander      1 EXPIRED_DRINK
  Liabilities:Bar:Members:Sander   0.60 EUR          
  Income:Bar                      -0.60 EUR          

2021-10-07 txn "Evils bought 1 items for €0.60"
  timestamp: "2021-10-07 23:27:31.928736"
  type: "purchase"
  Assets:Inventory:Bar              -1 MARS
  Liabilities:Bar:Members:Elvis      1 MARS
  Liabilities:Bar:Members:Elvis   0.60 EUR 
  Income:Bar                     -0.60 EUR 

2021-10-08 txn "Carro​armato0 bought 2 items for €1.30"
  timestamp: "2021-10-08 08:33:23.508212"
  type: "purchase"
  Assets:Inventory:Bar                     -1 PICKUP  
  Liabilities:Bar:Members:Carroarmato0      1 PICKUP  
  Assets:Inventory:Bar                     -1 SNICKERS
  Liabilities:Bar:Members:Carroarmato0      1 SNICKERS
  Liabilities:Bar:Members:Carroarmato0   1.30 EUR     
  Income:Bar                            -1.30 EUR     

2021-10-08 txn "Carro​armato0 bought 1 items for €2.00"
  timestamp: "2021-10-08 08:55:08.930901"
  type: "purchase"
  Assets:Inventory:Bar                     -1 CM 
  Liabilities:Bar:Members:Carroarmato0      1 CM 
  Liabilities:Bar:Members:Carroarmato0   2.00 EUR
  Income:Bar                            -2.00 EUR

2021-10-08 txn "TQ bought 2 items for €1.20"
  timestamp: "2021-10-08 11:23:50.354793"
  type: "purchase"
  Assets:Inventory:Bar                -1 MARS    
  Liabilities:Bar:Members:Thequux      1 MARS    
  Assets:Inventory:Bar                -1 SNICKERS
  Liabilities:Bar:Members:Thequux      1 SNICKERS
  Liabilities:Bar:Members:Thequux   1.20 EUR     
  Income:Bar                       -1.20 EUR     

2021-10-08 txn "Carro​armato0 bought 2 items for €1.30"
  timestamp: "2021-10-08 12:56:02.409648"
  type: "purchase"
  Assets:Inventory:Bar                     -1 PICKUP  
  Liabilities:Bar:Members:Carroarmato0      1 PICKUP  
  Assets:Inventory:Bar                     -1 SNICKERS
  Liabilities:Bar:Members:Carroarmato0      1 SNICKERS
  Liabilities:Bar:Members:Carroarmato0   1.30 EUR     
  Income:Bar                            -1.30 EUR     

2021-10-10 txn "Yvan bought 1 items for €1.50"
  timestamp: "2021-10-10 10:21:51.761709"
  type: "purchase"
  Assets:Inventory:Bar             -1 COKE
  Liabilities:Bar:Members:Yvan      1 COKE
  Liabilities:Bar:Members:Yvan   1.50 EUR 
  Income:Bar                    -1.50 EUR 

2021-10-10 txn "Yvan bought 1 items for €0.60"
  timestamp: "2021-10-10 11:29:00.079475"
  type: "purchase"
  Assets:Inventory:Bar             -1 ICE_CREAM
  Liabilities:Bar:Members:Yvan      1 ICE_CREAM
  Liabilities:Bar:Members:Yvan   0.60 EUR      
  Income:Bar                    -0.60 EUR      

2021-10-10 txn "Yvan bought 2 items for €2.70"
  timestamp: "2021-10-10 14:45:57.515460"
  type: "purchase"
  Assets:Inventory:Bar             -1 FANTA
  Liabilities:Bar:Members:Yvan      1 FANTA
  Assets:Inventory:Bar             -1 CHIP 
  Liabilities:Bar:Members:Yvan      1 CHIP 
  Liabilities:Bar:Members:Yvan   2.70 EUR  
  Income:Bar                    -2.70 EUR  

2021-10-11 txn "Yvan bought 3 items for €2.90"
  timestamp: "2021-10-11 09:25:29.861795"
  type: "purchase"
  Assets:Inventory:Bar             -1 FANTA 
  Liabilities:Bar:Members:Yvan      1 FANTA 
  Assets:Inventory:Bar             -2 PICKUP
  Liabilities:Bar:Members:Yvan      2 PICKUP
  Liabilities:Bar:Members:Yvan   2.90 EUR   
  Income:Bar                    -2.90 EUR   

2021-10-11 txn "Yvan bought 1 items for €1.50"
  timestamp: "2021-10-11 13:14:39.193121"
  type: "purchase"
  Assets:Inventory:Bar             -1 FANTA
  Liabilities:Bar:Members:Yvan      1 FANTA
  Liabilities:Bar:Members:Yvan   1.50 EUR  
  Income:Bar                    -1.50 EUR  

2021-10-11 txn "Sander bought 2 items for €2.60"
  timestamp: "2021-10-11 16:32:44.615326"
  type: "purchase"
  Assets:Inventory:Bar               -1 EXPIRED_DRINK
  Liabilities:Bar:Members:Sander      1 EXPIRED_DRINK
  Assets:Inventory:Bar               -1 PIZZA        
  Liabilities:Bar:Members:Sander      1 PIZZA        
  Liabilities:Bar:Members:Sander   2.60 EUR          
  Income:Bar                      -2.60 EUR          

2021-10-11 txn "qwaxys gave Sander a gift of €10.80"
  timestamp: "2021-10-11 18:17:36.505684"
  type: "transfer"
  Liabilities:Bar:Members:Bart     10.80 EUR
  Liabilities:Bar:Members:Sander  -10.80 EUR

2021-10-11 txn "TQ gave Sander a gift of €18.40"
  timestamp: "2021-10-11 18:18:33.561279"
  type: "transfer"
  Liabilities:Bar:Members:Thequux   18.40 EUR
  Liabilities:Bar:Members:Sander   -18.40 EUR

2021-10-11 txn "Sander bought 1 items for €0.75"
  timestamp: "2021-10-11 19:11:15.371115"
  type: "purchase"
  Assets:Inventory:Bar               -1 WATER
  Liabilities:Bar:Members:Sander      1 WATER
  Liabilities:Bar:Members:Sander   0.75 EUR  
  Income:Bar                      -0.75 EUR  

2021-10-12 txn "Yvan bought 1 items for €1.50"
  timestamp: "2021-10-12 09:35:54.387014"
  type: "purchase"
  Assets:Inventory:Bar             -1 FANTA
  Liabilities:Bar:Members:Yvan      1 FANTA
  Liabilities:Bar:Members:Yvan   1.50 EUR  
  Income:Bar                    -1.50 EUR  

2021-10-12 txn "Yvan bought 1 items for €1.50"
  timestamp: "2021-10-12 14:37:30.752261"
  type: "purchase"
  Assets:Inventory:Bar             -1 FANTA
  Liabilities:Bar:Members:Yvan      1 FANTA
  Liabilities:Bar:Members:Yvan   1.50 EUR  
  Income:Bar                    -1.50 EUR  

2021-10-12 txn "Yvan bought 1 items for €1.50"
  timestamp: "2021-10-12 17:36:47.607838"
  type: "purchase"
  Assets:Inventory:Bar             -1 COKE
  Liabilities:Bar:Members:Yvan      1 COKE
  Liabilities:Bar:Members:Yvan   1.50 EUR 
  Income:Bar                    -1.50 EUR 

2021-10-13 txn "Yvan bought 1 items for €1.50"
  timestamp: "2021-10-13 08:50:39.633108"
  type: "purchase"
  Assets:Inventory:Bar             -1 COKE
  Liabilities:Bar:Members:Yvan      1 COKE
  Liabilities:Bar:Members:Yvan   1.50 EUR 
  Income:Bar                    -1.50 EUR 

2021-10-13 txn "Yvan bought 1 items for €1.20"
  timestamp: "2021-10-13 11:07:36.137453"
  type: "purchase"
  Assets:Inventory:Bar             -1 CHIP
  Liabilities:Bar:Members:Yvan      1 CHIP
  Liabilities:Bar:Members:Yvan   1.20 EUR 
  Income:Bar                    -1.20 EUR 

2021-10-13 txn "Yvan bought 4 items for €3.70"
  timestamp: "2021-10-13 12:39:47.745747"
  type: "purchase"
  Assets:Inventory:Bar                -1 FANTA   
  Liabilities:Bar:Members:Yvan         1 FANTA   
  Assets:Inventory:Bar                -1 MARS    
  Liabilities:Bar:Members:Yvan         1 MARS    
  Assets:Inventory:Bar                -1 ROM     
  Liabilities:Bar:Members:Yvan         1 ROM     
  Assets:Inventory:Bar                -1 SNICKERS
  Liabilities:Bar:Members:Yvan         1 SNICKERS
  Liabilities:Bar:Members:Yvan      3.70 EUR     
  Liabilities:Bar:Members:Thequux  -0.50 EUR     
  Income:Bar                       -3.20 EUR     

2021-10-13 txn "TQ bought 2 items for €1.20"
  timestamp: "2021-10-13 13:05:00.223446"
  type: "purchase"
  Assets:Inventory:Bar                -1 MARS    
  Liabilities:Bar:Members:Thequux      1 MARS    
  Assets:Inventory:Bar                -1 SNICKERS
  Liabilities:Bar:Members:Thequux      1 SNICKERS
  Liabilities:Bar:Members:Thequux   1.20 EUR     
  Income:Bar                       -1.20 EUR     

2021-10-14 txn "Sander bought 1 items for €0.60"
  timestamp: "2021-10-14 14:16:40.370531"
  type: "purchase"
  Assets:Inventory:Bar               -1 EXPIRED_DRINK
  Liabilities:Bar:Members:Sander      1 EXPIRED_DRINK
  Liabilities:Bar:Members:Sander   0.60 EUR          
  Income:Bar                      -0.60 EUR          

2021-10-14 txn "Yvan bought 1 items for €1.50"
  timestamp: "2021-10-14 17:18:02.382667"
  type: "purchase"
  Assets:Inventory:Bar             -1 FANTA
  Liabilities:Bar:Members:Yvan      1 FANTA
  Liabilities:Bar:Members:Yvan   1.50 EUR  
  Income:Bar                    -1.50 EUR  

2021-10-14 txn "Anton​Alstublieft bought 1 items for €2.00"
  timestamp: "2021-10-14 17:45:37.516151"
  type: "purchase"
  Assets:Inventory:Bar                         -1 CM 
  Liabilities:Bar:Members:AntonAlstublieft      1 CM 
  Liabilities:Bar:Members:AntonAlstublieft   2.00 EUR
  Income:Bar                                -2.00 EUR

2021-10-14 txn "Merlijn bought 1 items for €2.00"
  timestamp: "2021-10-14 17:47:52.849604"
  type: "purchase"
  Assets:Inventory:Bar                -1 FRITZ
  Liabilities:Bar:Members:Merlijn      1 FRITZ
  Liabilities:Bar:Members:Merlijn   2.00 EUR  
  Income:Bar                       -2.00 EUR  

2021-10-14 txn "Thomas bought 1 items for €2.00"
  timestamp: "2021-10-14 18:10:50.262415"
  type: "purchase"
  Assets:Inventory:Bar               -1 CM 
  Liabilities:Bar:Members:Thomas      1 CM 
  Liabilities:Bar:Members:Thomas   2.00 EUR
  Income:Bar                      -2.00 EUR

2021-10-14 txn "Merlijn bought 2 items for €1.60"
  timestamp: "2021-10-14 18:19:47.217587"
  type: "purchase"
  Assets:Inventory:Bar                -1 SNICKERS
  Liabilities:Bar:Members:Merlijn      1 SNICKERS
  Assets:Inventory:Bar                -1 ROM     
  Liabilities:Bar:Members:Merlijn      1 ROM     
  Liabilities:Bar:Members:Merlijn   1.60 EUR     
  Liabilities:Bar:Members:Thequux  -0.50 EUR     
  Income:Bar                       -1.10 EUR     

2021-10-14 txn "B0Hr bought 1 items for €2.00"
  timestamp: "2021-10-14 18:23:51.513945"
  type: "purchase"
  Assets:Inventory:Bar             -1 FRITZ
  Liabilities:Bar:Members:B0Hr      1 FRITZ
  Liabilities:Bar:Members:B0Hr   2.00 EUR  
  Income:Bar                    -2.00 EUR  

2021-10-14 txn "Anton​Alstublieft bought 1 items for €0.60"
  timestamp: "2021-10-14 18:24:51.920858"
  type: "purchase"
  Assets:Inventory:Bar                         -1 MARS
  Liabilities:Bar:Members:AntonAlstublieft      1 MARS
  Liabilities:Bar:Members:AntonAlstublieft   0.60 EUR 
  Income:Bar                                -0.60 EUR 

2021-10-14 txn "B0Hr deposited €20.00"
  timestamp: "2021-10-14 18:33:47.013487"
  type: "deposit"
  Liabilities:Bar:Members:B0Hr  -20.00 EUR
  Assets:Cash:Bar                20.00 EUR

2021-10-14 txn "Shmitty bought 1 items for €2.00"
  timestamp: "2021-10-14 18:54:07.981566"
  type: "purchase"
  Assets:Inventory:Bar                -1 FRITZ
  Liabilities:Bar:Members:Shmitty      1 FRITZ
  Liabilities:Bar:Members:Shmitty   2.00 EUR  
  Income:Bar                       -2.00 EUR  

2021-10-14 txn "Bloemist bought 1 items for €1.20"
  timestamp: "2021-10-14 19:08:29.916158"
  type: "purchase"
  Assets:Inventory:Bar                 -1 CHIP
  Liabilities:Bar:Members:Bloemist      1 CHIP
  Liabilities:Bar:Members:Bloemist   1.20 EUR 
  Income:Bar                        -1.20 EUR 

2021-10-14 txn "Evils bought 1 items for €2.00"
  timestamp: "2021-10-14 19:13:14.844628"
  type: "purchase"
  Assets:Inventory:Bar              -1 VITAMALZ
  Liabilities:Bar:Members:Elvis      1 VITAMALZ
  Liabilities:Bar:Members:Elvis   2.00 EUR     
  Income:Bar                     -2.00 EUR     

2021-10-14 txn "Thomas bought 1 items for €1.20"
  timestamp: "2021-10-14 19:19:30.812016"
  type: "purchase"
  Assets:Inventory:Bar               -1 CHIP
  Liabilities:Bar:Members:Thomas      1 CHIP
  Liabilities:Bar:Members:Thomas   1.20 EUR 
  Income:Bar                      -1.20 EUR 

2021-10-14 txn "Carro​armato0 deposited €5.00"
  timestamp: "2021-10-14 19:28:38.787027"
  type: "deposit"
  Liabilities:Bar:Members:Carroarmato0  -5.00 EUR
  Assets:Cash:Bar                        5.00 EUR

2021-10-14 txn "Koen gave qwaxys a gift of €0.01"
  timestamp: "2021-10-14 19:38:33.851158"
  type: "transfer"
  Liabilities:Bar:Members:Koen   0.01 EUR
  Liabilities:Bar:Members:Bart  -0.01 EUR

2021-10-14 txn "qwaxys gave Koen a gift of €0.01"
  timestamp: "2021-10-14 19:38:57.696038"
  type: "transfer"
  Liabilities:Bar:Members:Bart   0.01 EUR
  Liabilities:Bar:Members:Koen  -0.01 EUR

2021-10-14 txn "Yvan bought 1 items for €1.50"
  timestamp: "2021-10-14 19:41:07.859652"
  type: "purchase"
  Assets:Inventory:Bar             -1 FANTA
  Liabilities:Bar:Members:Yvan      1 FANTA
  Liabilities:Bar:Members:Yvan   1.50 EUR  
  Income:Bar                    -1.50 EUR  

2021-10-14 txn "Anton​Alstublieft bought 1 items for €2.00"
  timestamp: "2021-10-14 19:47:18.436037"
  type: "purchase"
  Assets:Inventory:Bar                         -1 FRITZ
  Liabilities:Bar:Members:AntonAlstublieft      1 FRITZ
  Liabilities:Bar:Members:AntonAlstublieft   2.00 EUR  
  Income:Bar                                -2.00 EUR  

2021-10-14 txn "Shmitty bought 1 items for €2.00"
  timestamp: "2021-10-14 19:49:16.964380"
  type: "purchase"
  Assets:Inventory:Bar                -1 FRITZ
  Liabilities:Bar:Members:Shmitty      1 FRITZ
  Liabilities:Bar:Members:Shmitty   2.00 EUR  
  Income:Bar                       -2.00 EUR  

2021-10-14 txn "--CASH-- bought 1 items for €1.50"
  timestamp: "2021-10-14 19:52:27.821180"
  type: "purchase"
  Assets:Inventory:Bar     -1 COKE
  Assets:Cash:Bar           1 COKE
  Assets:Cash:Bar        1.50 EUR 
  Income:Bar            -1.50 EUR 

2021-10-14 txn "--CASH-- bought 1 items for €1.50"
  timestamp: "2021-10-14 19:52:35.377789"
  type: "purchase"
  Assets:Inventory:Bar     -1 COKE
  Assets:Cash:Bar           1 COKE
  Assets:Cash:Bar        1.50 EUR 
  Income:Bar            -1.50 EUR 

2021-10-14 txn "Bloemist bought 1 items for €1.50"
  timestamp: "2021-10-14 20:09:54.373436"
  type: "purchase"
  Assets:Inventory:Bar                 -1 COKE
  Liabilities:Bar:Members:Bloemist      1 COKE
  Liabilities:Bar:Members:Bloemist   1.50 EUR 
  Income:Bar                        -1.50 EUR 

2021-10-14 txn "B0Hr bought 1 items for €1.50"
  timestamp: "2021-10-14 20:28:24.686609"
  type: "purchase"
  Assets:Inventory:Bar             -1 COKE_ZERO
  Liabilities:Bar:Members:B0Hr      1 COKE_ZERO
  Liabilities:Bar:Members:B0Hr   1.50 EUR      
  Income:Bar                    -1.50 EUR      

2021-10-14 txn "Sander bought 1 items for €0.60"
  timestamp: "2021-10-14 20:30:08.645584"
  type: "purchase"
  Assets:Inventory:Bar               -1 EXPIRED_DRINK
  Liabilities:Bar:Members:Sander      1 EXPIRED_DRINK
  Liabilities:Bar:Members:Sander   0.60 EUR          
  Income:Bar                      -0.60 EUR          

2021-10-14 txn "Evils bought 1 items for €0.60"
  timestamp: "2021-10-14 20:40:26.485568"
  type: "purchase"
  Assets:Inventory:Bar              -1 SNICKERS
  Liabilities:Bar:Members:Elvis      1 SNICKERS
  Liabilities:Bar:Members:Elvis   0.60 EUR     
  Income:Bar                     -0.60 EUR     

2021-10-14 txn "Thomas bought 1 items for €1.20"
  timestamp: "2021-10-14 20:41:52.956916"
  type: "purchase"
  Assets:Inventory:Bar               -1 CHIP
  Liabilities:Bar:Members:Thomas      1 CHIP
  Liabilities:Bar:Members:Thomas   1.20 EUR 
  Income:Bar                      -1.20 EUR 

2021-10-14 txn "Shmitty bought 1 items for €2.00"
  timestamp: "2021-10-14 20:55:54.055007"
  type: "purchase"
  Assets:Inventory:Bar                -1 FRITZ
  Liabilities:Bar:Members:Shmitty      1 FRITZ
  Liabilities:Bar:Members:Shmitty   2.00 EUR  
  Income:Bar                       -2.00 EUR  

2021-10-14 txn "Thomas bought 1 items for €1.50"
  timestamp: "2021-10-14 21:05:31.950172"
  type: "purchase"
  Assets:Inventory:Bar               -1 COKE_ZERO
  Liabilities:Bar:Members:Thomas      1 COKE_ZERO
  Liabilities:Bar:Members:Thomas   1.50 EUR      
  Income:Bar                      -1.50 EUR      

2021-10-14 txn "qwaxys bought 1 items for €0.60"
  timestamp: "2021-10-14 21:18:19.517690"
  type: "purchase"
  Assets:Inventory:Bar             -1 SNICKERS
  Liabilities:Bar:Members:Bart      1 SNICKERS
  Liabilities:Bar:Members:Bart   0.60 EUR     
  Income:Bar                    -0.60 EUR     

2021-10-14 txn "Bloemist bought 3 items for €3.20"
  timestamp: "2021-10-14 22:17:59.362173"
  type: "purchase"
  Assets:Inventory:Bar                 -1 CM   
  Liabilities:Bar:Members:Bloemist      1 CM   
  Assets:Inventory:Bar                 -2 SNACK
  Liabilities:Bar:Members:Bloemist      2 SNACK
  Liabilities:Bar:Members:Bloemist   3.20 EUR  
  Income:Bar                        -3.20 EUR  

2021-10-14 txn "Yvan gave Sander a gift of €3.50"
  timestamp: "2021-10-14 22:45:27.503737"
  type: "transfer"
  Liabilities:Bar:Members:Yvan     3.50 EUR
  Liabilities:Bar:Members:Sander  -3.50 EUR

2021-10-15 txn "Bert bought 3 items for €3.30"
  timestamp: "2021-10-15 16:09:55.373262"
  type: "purchase"
  Assets:Inventory:Bar             -1 AGRUMES 
  Liabilities:Bar:Members:Bert      1 AGRUMES 
  Assets:Inventory:Bar             -1 CHIP    
  Liabilities:Bar:Members:Bert      1 CHIP    
  Assets:Inventory:Bar             -1 SNICKERS
  Liabilities:Bar:Members:Bert      1 SNICKERS
  Liabilities:Bar:Members:Bert   3.30 EUR     
  Income:Bar                    -3.30 EUR     

2021-10-16 txn "Sander bought 1 items for €0.75"
  timestamp: "2021-10-16 12:57:00.785058"
  type: "purchase"
  Assets:Inventory:Bar               -1 WATER
  Liabilities:Bar:Members:Sander      1 WATER
  Liabilities:Bar:Members:Sander   0.75 EUR  
  Income:Bar                      -0.75 EUR  

2021-10-16 txn "Yvan bought 1 items for €1.50"
  timestamp: "2021-10-16 17:06:18.851903"
  type: "purchase"
  Assets:Inventory:Bar             -1 COKE
  Liabilities:Bar:Members:Yvan      1 COKE
  Liabilities:Bar:Members:Yvan   1.50 EUR 
  Income:Bar                    -1.50 EUR 

2021-10-17 txn "Yvan bought 2 items for €1.40"
  timestamp: "2021-10-17 16:12:21.573688"
  type: "purchase"
  Assets:Inventory:Bar             -2 PICKUP
  Liabilities:Bar:Members:Yvan      2 PICKUP
  Liabilities:Bar:Members:Yvan   1.40 EUR   
  Income:Bar                    -1.40 EUR   

2021-10-17 txn "Sander gave Yvan a gift of €9.25"
  timestamp: "2021-10-17 16:12:34.881348"
  type: "transfer"
  Liabilities:Bar:Members:Sander   9.25 EUR
  Liabilities:Bar:Members:Yvan    -9.25 EUR

2021-10-17 txn "Yvan bought 1 items for €1.50"
  timestamp: "2021-10-17 17:23:05.350260"
  type: "purchase"
  Assets:Inventory:Bar             -1 FANTA
  Liabilities:Bar:Members:Yvan      1 FANTA
  Liabilities:Bar:Members:Yvan   1.50 EUR  
  Income:Bar                    -1.50 EUR  

2021-10-17 txn "Sander bought 1 items for €0.75"
  timestamp: "2021-10-17 17:27:51.004917"
  type: "purchase"
  Assets:Inventory:Bar               -1 WATER
  Liabilities:Bar:Members:Sander      1 WATER
  Liabilities:Bar:Members:Sander   0.75 EUR  
  Income:Bar                      -0.75 EUR  

2021-10-18 txn "Yvan bought 2 items for €2.20"
  timestamp: "2021-10-18 13:59:04.368508"
  type: "purchase"
  Assets:Inventory:Bar             -1 FANTA 
  Liabilities:Bar:Members:Yvan      1 FANTA 
  Assets:Inventory:Bar             -1 PICKUP
  Liabilities:Bar:Members:Yvan      1 PICKUP
  Liabilities:Bar:Members:Yvan   2.20 EUR   
  Income:Bar                    -2.20 EUR   

2021-10-19 txn "Yvan bought 1 items for €1.50"
  timestamp: "2021-10-19 16:09:14.653604"
  type: "purchase"
  Assets:Inventory:Bar             -1 FANTA
  Liabilities:Bar:Members:Yvan      1 FANTA
  Liabilities:Bar:Members:Yvan   1.50 EUR  
  Income:Bar                    -1.50 EUR  

2021-10-19 txn "Yvan bought 1 items for €1.20"
  timestamp: "2021-10-19 17:53:00.403378"
  type: "purchase"
  Assets:Inventory:Bar             -1 CHIP
  Liabilities:Bar:Members:Yvan      1 CHIP
  Liabilities:Bar:Members:Yvan   1.20 EUR 
  Income:Bar                    -1.20 EUR 

2021-10-19 txn "Evils bought 1 items for €2.00"
  timestamp: "2021-10-19 18:54:11.393840"
  type: "purchase"
  Assets:Inventory:Bar              -1 FRITZ
  Liabilities:Bar:Members:Elvis      1 FRITZ
  Liabilities:Bar:Members:Elvis   2.00 EUR  
  Income:Bar                     -2.00 EUR  

2021-10-19 txn "Yvan gave Evils a gift of €2.00"
  timestamp: "2021-10-19 18:54:32.441370"
  type: "transfer"
  Liabilities:Bar:Members:Yvan    2.00 EUR
  Liabilities:Bar:Members:Elvis  -2.00 EUR

2021-10-20 txn "Yvan bought 1 items for €1.50"
  timestamp: "2021-10-20 13:59:38.995405"
  type: "purchase"
  Assets:Inventory:Bar             -1 COKE
  Liabilities:Bar:Members:Yvan      1 COKE
  Liabilities:Bar:Members:Yvan   1.50 EUR 
  Income:Bar                    -1.50 EUR 

2021-10-20 txn "Evils bought 1 items for €1.50"
  timestamp: "2021-10-20 16:57:55.569019"
  type: "purchase"
  Assets:Inventory:Bar              -1 COKE
  Liabilities:Bar:Members:Elvis      1 COKE
  Liabilities:Bar:Members:Elvis   1.50 EUR 
  Income:Bar                     -1.50 EUR 

2021-10-20 txn "Yvan gave Evils a gift of €1.50"
  timestamp: "2021-10-20 16:58:11.159805"
  type: "transfer"
  Liabilities:Bar:Members:Yvan    1.50 EUR
  Liabilities:Bar:Members:Elvis  -1.50 EUR

2021-10-20 txn "Yvan bought 1 items for €1.50"
  timestamp: "2021-10-20 19:05:38.391739"
  type: "purchase"
  Assets:Inventory:Bar             -1 COKE
  Liabilities:Bar:Members:Yvan      1 COKE
  Liabilities:Bar:Members:Yvan   1.50 EUR 
  Income:Bar                    -1.50 EUR 

2021-10-21 txn "Yvan bought 1 items for €2.00"
  timestamp: "2021-10-21 05:55:07.631718"
  type: "purchase"
  Assets:Inventory:Bar             -1 FRITZ
  Liabilities:Bar:Members:Yvan      1 FRITZ
  Liabilities:Bar:Members:Yvan   2.00 EUR  
  Income:Bar                    -2.00 EUR  

2021-10-21 txn "Yvan bought 2 items for €1.40"
  timestamp: "2021-10-21 08:57:11.226765"
  type: "purchase"
  Assets:Inventory:Bar             -2 PICKUP
  Liabilities:Bar:Members:Yvan      2 PICKUP
  Liabilities:Bar:Members:Yvan   1.40 EUR   
  Income:Bar                    -1.40 EUR   

2021-10-21 txn "Yvan bought 1 items for €1.50"
  timestamp: "2021-10-21 11:37:40.433168"
  type: "purchase"
  Assets:Inventory:Bar             -1 FANTA
  Liabilities:Bar:Members:Yvan      1 FANTA
  Liabilities:Bar:Members:Yvan   1.50 EUR  
  Income:Bar                    -1.50 EUR  

2021-10-21 txn "Miker bought 1 items for €2.00"
  timestamp: "2021-10-21 11:43:28.732922"
  type: "purchase"
  Assets:Inventory:Bar              -1 CM 
  Liabilities:Bar:Members:Miker      1 CM 
  Liabilities:Bar:Members:Miker   2.00 EUR
  Income:Bar                     -2.00 EUR

2021-10-21 txn "Sander bought 1 items for €0.60"
  timestamp: "2021-10-21 11:53:52.556858"
  type: "purchase"
  Assets:Inventory:Bar               -1 EXPIRED_DRINK
  Liabilities:Bar:Members:Sander      1 EXPIRED_DRINK
  Liabilities:Bar:Members:Sander   0.60 EUR          
  Income:Bar                      -0.60 EUR          

2021-10-21 txn "TQ bought 2 items for €2.70"
  timestamp: "2021-10-21 12:24:01.505592"
  type: "purchase"
  Assets:Inventory:Bar                -1 FRITZ 
  Liabilities:Bar:Members:Thequux      1 FRITZ 
  Assets:Inventory:Bar                -1 PICKUP
  Liabilities:Bar:Members:Thequux      1 PICKUP
  Liabilities:Bar:Members:Thequux   2.70 EUR   
  Income:Bar                       -2.70 EUR   

2021-10-21 txn "Sander bought 1 items for €0.75"
  timestamp: "2021-10-21 14:36:12.934014"
  type: "purchase"
  Assets:Inventory:Bar               -1 WATER
  Liabilities:Bar:Members:Sander      1 WATER
  Liabilities:Bar:Members:Sander   0.75 EUR  
  Income:Bar                      -0.75 EUR  

2021-10-21 txn "Carro​armato0 bought 2 items for €2.60"
  timestamp: "2021-10-21 16:32:17.219707"
  type: "purchase"
  Assets:Inventory:Bar                     -1 VITAMALZ
  Liabilities:Bar:Members:Carroarmato0      1 VITAMALZ
  Assets:Inventory:Bar                     -1 SNICKERS
  Liabilities:Bar:Members:Carroarmato0      1 SNICKERS
  Liabilities:Bar:Members:Carroarmato0   2.60 EUR     
  Income:Bar                            -2.60 EUR     

2021-10-21 txn "--CASH-- bought 1 items for €1.50"
  timestamp: "2021-10-21 17:03:43.318356"
  type: "purchase"
  Assets:Inventory:Bar     -1 COKE_ZERO
  Assets:Cash:Bar           1 COKE_ZERO
  Assets:Cash:Bar        1.50 EUR      
  Income:Bar            -1.50 EUR      

2021-10-21 txn "Sander gave Yvan a gift of €3.50"
  timestamp: "2021-10-21 17:10:03.360686"
  type: "transfer"
  Liabilities:Bar:Members:Sander   3.50 EUR
  Liabilities:Bar:Members:Yvan    -3.50 EUR

2021-10-21 txn "Evils gave Yvan a gift of €6.50"
  timestamp: "2021-10-21 17:12:37.196345"
  type: "transfer"
  Liabilities:Bar:Members:Elvis   6.50 EUR
  Liabilities:Bar:Members:Yvan   -6.50 EUR

2021-10-21 txn "qwaxys bought 1 items for €1.50"
  timestamp: "2021-10-21 17:15:18.919347"
  type: "purchase"
  Assets:Inventory:Bar             -1 FANTA
  Liabilities:Bar:Members:Bart      1 FANTA
  Liabilities:Bar:Members:Bart   1.50 EUR  
  Income:Bar                    -1.50 EUR  

2021-10-21 txn "Sander bought 1 items for €2.00"
  timestamp: "2021-10-21 17:23:17.488174"
  type: "purchase"
  Assets:Inventory:Bar               -1 FRITZ
  Liabilities:Bar:Members:Sander      1 FRITZ
  Liabilities:Bar:Members:Sander   2.00 EUR  
  Income:Bar                      -2.00 EUR  

2021-10-21 txn "TQ bought 1 items for €2.00"
  timestamp: "2021-10-21 17:30:02.557182"
  type: "purchase"
  Assets:Inventory:Bar                -1 CM 
  Liabilities:Bar:Members:Thequux      1 CM 
  Liabilities:Bar:Members:Thequux   2.00 EUR
  Income:Bar                       -2.00 EUR

2021-10-21 txn "Merlijn bought 1 items for €2.00"
  timestamp: "2021-10-21 17:36:40.625187"
  type: "purchase"
  Assets:Inventory:Bar                -1 FRITZ
  Liabilities:Bar:Members:Merlijn      1 FRITZ
  Liabilities:Bar:Members:Merlijn   2.00 EUR  
  Income:Bar                       -2.00 EUR  

2021-10-21 txn "Merlijn bought 2 items for €1.70"
  timestamp: "2021-10-21 18:00:34.897712"
  type: "purchase"
  Assets:Inventory:Bar                -1 PICKUP
  Liabilities:Bar:Members:Merlijn      1 PICKUP
  Assets:Inventory:Bar                -1 ROM   
  Liabilities:Bar:Members:Merlijn      1 ROM   
  Liabilities:Bar:Members:Merlijn   1.70 EUR   
  Liabilities:Bar:Members:Thequux  -0.50 EUR   
  Income:Bar                       -1.20 EUR   

2021-10-21 txn "Evils bought 1 items for €2.00"
  timestamp: "2021-10-21 18:11:49.789346"
  type: "purchase"
  Assets:Inventory:Bar              -1 VITAMALZ
  Liabilities:Bar:Members:Elvis      1 VITAMALZ
  Liabilities:Bar:Members:Elvis   2.00 EUR     
  Income:Bar                     -2.00 EUR     

2021-10-21 txn "Carro​armato0 bought 1 items for €0.70"
  timestamp: "2021-10-21 18:21:46.129595"
  type: "purchase"
  Assets:Inventory:Bar                     -1 PICKUP
  Liabilities:Bar:Members:Carroarmato0      1 PICKUP
  Liabilities:Bar:Members:Carroarmato0   0.70 EUR   
  Income:Bar                            -0.70 EUR   

2021-10-21 txn "Sonckie bought 1 items for €1.50"
  timestamp: "2021-10-21 18:31:45.177442"
  type: "purchase"
  Assets:Inventory:Bar                -1 FANTA
  Liabilities:Bar:Members:Sonckie      1 FANTA
  Liabilities:Bar:Members:Sonckie   1.50 EUR  
  Income:Bar                       -1.50 EUR  

2021-10-21 txn "Yvan bought 1 items for €1.50"
  timestamp: "2021-10-21 18:32:24.148050"
  type: "purchase"
  Assets:Inventory:Bar             -1 COKE
  Liabilities:Bar:Members:Yvan      1 COKE
  Liabilities:Bar:Members:Yvan   1.50 EUR 
  Income:Bar                    -1.50 EUR 

2021-10-21 txn "Michiel bought 1 items for €2.00"
  timestamp: "2021-10-21 18:36:19.690040"
  type: "purchase"
  Assets:Inventory:Bar                -1 FRITZ
  Liabilities:Bar:Members:Michiel      1 FRITZ
  Liabilities:Bar:Members:Michiel   2.00 EUR  
  Income:Bar                       -2.00 EUR  

2021-10-21 txn "Michiel deposited €5.00"
  timestamp: "2021-10-21 18:36:39.354927"
  type: "deposit"
  Liabilities:Bar:Members:Michiel  -5.00 EUR
  Assets:Cash:Bar                   5.00 EUR

2021-10-21 txn "Bloemist bought 1 items for €1.50"
  timestamp: "2021-10-21 18:39:22.108639"
  type: "purchase"
  Assets:Inventory:Bar                 -1 JUPILER
  Liabilities:Bar:Members:Bloemist      1 JUPILER
  Liabilities:Bar:Members:Bloemist   1.50 EUR    
  Income:Bar                        -1.50 EUR    

2021-10-21 txn "Fullscreen deposited €20.00"
  timestamp: "2021-10-21 18:42:21.810153"
  type: "deposit"
  Liabilities:Bar:Members:Fullscreen  -20.00 EUR
  Assets:Cash:Bar                      20.00 EUR

2021-10-21 txn "Sonckie bought 1 items for €1.20"
  timestamp: "2021-10-21 18:56:03.238960"
  type: "purchase"
  Assets:Inventory:Bar                -1 CHIP
  Liabilities:Bar:Members:Sonckie      1 CHIP
  Liabilities:Bar:Members:Sonckie   1.20 EUR 
  Income:Bar                       -1.20 EUR 

2021-10-21 txn "Bloemist bought 2 items for €1.20"
  timestamp: "2021-10-21 18:56:05.063702"
  type: "purchase"
  Assets:Inventory:Bar                 -2 SNACK
  Liabilities:Bar:Members:Bloemist      2 SNACK
  Liabilities:Bar:Members:Bloemist   1.20 EUR  
  Income:Bar                        -1.20 EUR  

2021-10-21 txn "Carro​armato0 bought 1 items for €1.20"
  timestamp: "2021-10-21 19:00:22.798445"
  type: "purchase"
  Assets:Inventory:Bar                     -1 CHIP
  Liabilities:Bar:Members:Carroarmato0      1 CHIP
  Liabilities:Bar:Members:Carroarmato0   1.20 EUR 
  Income:Bar                            -1.20 EUR 

2021-10-21 txn "Bloemist bought 2 items for €1.20"
  timestamp: "2021-10-21 19:05:55.368995"
  type: "purchase"
  Assets:Inventory:Bar                 -2 SNACK
  Liabilities:Bar:Members:Bloemist      2 SNACK
  Liabilities:Bar:Members:Bloemist   1.20 EUR  
  Income:Bar                        -1.20 EUR  

2021-10-21 txn "Sonckie bought 1 items for €1.50"
  timestamp: "2021-10-21 19:17:55.111232"
  type: "purchase"
  Assets:Inventory:Bar                -1 FANTA
  Liabilities:Bar:Members:Sonckie      1 FANTA
  Liabilities:Bar:Members:Sonckie   1.50 EUR  
  Income:Bar                       -1.50 EUR  

2021-10-21 txn "Sonckie deposited €10.00"
  timestamp: "2021-10-21 19:23:02.138190"
  type: "deposit"
  Liabilities:Bar:Members:Sonckie  -10.00 EUR
  Assets:Cash:Bar                   10.00 EUR

2021-10-21 txn "Sander bought 1 items for €1.50"
  timestamp: "2021-10-21 19:37:22.341572"
  type: "purchase"
  Assets:Inventory:Bar               -1 COKE
  Liabilities:Bar:Members:Sander      1 COKE
  Liabilities:Bar:Members:Sander   1.50 EUR 
  Income:Bar                      -1.50 EUR 

2021-10-21 txn "Bloemist bought 1 items for €0.70"
  timestamp: "2021-10-21 19:46:26.585702"
  type: "purchase"
  Assets:Inventory:Bar                 -1 PICKUP
  Liabilities:Bar:Members:Bloemist      1 PICKUP
  Liabilities:Bar:Members:Bloemist   0.70 EUR   
  Income:Bar                        -0.70 EUR   

2021-10-21 txn "Evils deposited €200.00"
  timestamp: "2021-10-21 19:48:56.631698"
  type: "deposit"
  Liabilities:Bar:Members:Elvis  -200.00 EUR
  Assets:Cash:Bar                 200.00 EUR

2021-10-21 txn "Evils deposited €-1.00"
  timestamp: "2021-10-21 19:54:21.343963"
  type: "deposit"
  Liabilities:Bar:Members:Elvis   1.00 EUR
  Assets:Cash:Bar                -1.00 EUR

2021-10-21 txn "Evils deposited €-2.00"
  timestamp: "2021-10-21 19:57:00.816328"
  type: "deposit"
  Liabilities:Bar:Members:Elvis   2.00 EUR
  Assets:Cash:Bar                -2.00 EUR

2021-10-21 txn "Michiel bought 1 items for €2.00"
  timestamp: "2021-10-21 19:58:38.567674"
  type: "purchase"
  Assets:Inventory:Bar                -1 CIDER
  Liabilities:Bar:Members:Michiel      1 CIDER
  Liabilities:Bar:Members:Michiel   2.00 EUR  
  Income:Bar                       -2.00 EUR  

2021-10-21 txn "Merlijn bought 1 items for €1.00"
  timestamp: "2021-10-21 20:10:48.161676"
  type: "purchase"
  Assets:Inventory:Bar                -1 ROM
  Liabilities:Bar:Members:Merlijn      1 ROM
  Liabilities:Bar:Members:Merlijn   1.00 EUR
  Liabilities:Bar:Members:Thequux  -0.50 EUR
  Income:Bar                       -0.50 EUR

2021-10-21 txn "Carro​armato0 deposited €5.00"
  timestamp: "2021-10-21 20:13:43.026427"
  type: "deposit"
  Liabilities:Bar:Members:Carroarmato0  -5.00 EUR
  Assets:Cash:Bar                        5.00 EUR

2021-10-21 txn "Evils bought 1 items for €2.00"
  timestamp: "2021-10-21 22:21:27.225649"
  type: "purchase"
  Assets:Inventory:Bar              -1 FRITZ
  Liabilities:Bar:Members:Elvis      1 FRITZ
  Liabilities:Bar:Members:Elvis   2.00 EUR  
  Income:Bar                     -2.00 EUR  

2021-10-21 txn "Fullscreen bought 1 items for €1.50"
  timestamp: "2021-10-21 22:21:41.371561"
  type: "purchase"
  Assets:Inventory:Bar                   -1 COKE
  Liabilities:Bar:Members:Fullscreen      1 COKE
  Liabilities:Bar:Members:Fullscreen   1.50 EUR 
  Income:Bar                          -1.50 EUR 

2021-10-21 txn "Michiel bought 1 items for €0.60"
  timestamp: "2021-10-21 22:21:57.813136"
  type: "purchase"
  Assets:Inventory:Bar                -1 SNICKERS
  Liabilities:Bar:Members:Michiel      1 SNICKERS
  Liabilities:Bar:Members:Michiel   0.60 EUR     
  Income:Bar                       -0.60 EUR     

2021-10-21 txn "Carro​armato0 deposited €5.00"
  timestamp: "2021-10-21 22:22:38.872719"
  type: "deposit"
  Liabilities:Bar:Members:Carroarmato0  -5.00 EUR
  Assets:Cash:Bar                        5.00 EUR

2021-10-22 txn "Yvan bought 1 items for €1.50"
  timestamp: "2021-10-22 11:10:44.418982"
  type: "purchase"
  Assets:Inventory:Bar             -1 COKE
  Liabilities:Bar:Members:Yvan      1 COKE
  Liabilities:Bar:Members:Yvan   1.50 EUR 
  Income:Bar                    -1.50 EUR 

2021-10-22 txn "Bloemist bought 2 items for €3.00"
  timestamp: "2021-10-22 11:28:58.653624"
  type: "purchase"
  Assets:Inventory:Bar                 -2 COKE
  Liabilities:Bar:Members:Bloemist      2 COKE
  Liabilities:Bar:Members:Bloemist   3.00 EUR 
  Income:Bar                        -3.00 EUR 

2021-10-22 txn "Yvan bought 1 items for €1.50"
  timestamp: "2021-10-22 12:03:18.786394"
  type: "purchase"
  Assets:Inventory:Bar             -1 COKE
  Liabilities:Bar:Members:Yvan      1 COKE
  Liabilities:Bar:Members:Yvan   1.50 EUR 
  Income:Bar                    -1.50 EUR 

2021-10-22 txn "TQ bought 1 items for €2.00"
  timestamp: "2021-10-22 14:55:42.397547"
  type: "purchase"
  Assets:Inventory:Bar                -1 CM 
  Liabilities:Bar:Members:Thequux      1 CM 
  Liabilities:Bar:Members:Thequux   2.00 EUR
  Income:Bar                       -2.00 EUR

2021-10-27 txn "TQ bought 3 items for €1.90"
  timestamp: "2021-10-27 12:07:30.361820"
  type: "purchase"
  Assets:Inventory:Bar                -1 SNICKERS
  Liabilities:Bar:Members:Thequux      1 SNICKERS
  Assets:Inventory:Bar                -1 MARS    
  Liabilities:Bar:Members:Thequux      1 MARS    
  Assets:Inventory:Bar                -1 PICKUP  
  Liabilities:Bar:Members:Thequux      1 PICKUP  
  Liabilities:Bar:Members:Thequux   1.90 EUR     
  Income:Bar                       -1.90 EUR     

2021-10-27 txn "TQ bought 3 items for €3.40"
  timestamp: "2021-10-27 13:43:00.473763"
  type: "purchase"
  Assets:Inventory:Bar                -1 FLORA 
  Liabilities:Bar:Members:Thequux      1 FLORA 
  Assets:Inventory:Bar                -2 PICKUP
  Liabilities:Bar:Members:Thequux      2 PICKUP
  Liabilities:Bar:Members:Thequux   3.40 EUR   
  Income:Bar                       -3.40 EUR   

2021-10-27 txn "Yvan bought 1 items for €1.50"
  timestamp: "2021-10-27 16:16:25.594957"
  type: "purchase"
  Assets:Inventory:Bar             -1 FANTA
  Liabilities:Bar:Members:Yvan      1 FANTA
  Liabilities:Bar:Members:Yvan   1.50 EUR  
  Income:Bar                    -1.50 EUR  

2021-10-27 txn "qwaxys deposited €100.00"
  timestamp: "2021-10-27 17:22:56.873102"
  type: "deposit"
  Liabilities:Bar:Members:Bart  -100.00 EUR
  Assets:Cash:Bar                100.00 EUR

2021-10-27 txn "Yvan bought 2 items for €2.10"
  timestamp: "2021-10-27 18:30:46.362157"
  type: "purchase"
  Assets:Inventory:Bar             -1 FANTA   
  Liabilities:Bar:Members:Yvan      1 FANTA   
  Assets:Inventory:Bar             -1 SNICKERS
  Liabilities:Bar:Members:Yvan      1 SNICKERS
  Liabilities:Bar:Members:Yvan   2.10 EUR     
  Income:Bar                    -2.10 EUR     

2021-10-28 txn "TQ bought 1 items for €2.00"
  timestamp: "2021-10-28 09:25:22.350250"
  type: "purchase"
  Assets:Inventory:Bar                -1 FRITZ
  Liabilities:Bar:Members:Thequux      1 FRITZ
  Liabilities:Bar:Members:Thequux   2.00 EUR  
  Income:Bar                       -2.00 EUR  

2021-10-28 txn "Miker deposited €150.00"
  timestamp: "2021-10-28 12:12:48.721013"
  type: "deposit"
  Liabilities:Bar:Members:Miker  -150.00 EUR
  Assets:Cash:Bar                 150.00 EUR

2021-10-28 txn "TQ bought 1 items for €0.70"
  timestamp: "2021-10-28 15:04:05.629883"
  type: "purchase"
  Assets:Inventory:Bar                -1 PICKUP
  Liabilities:Bar:Members:Thequux      1 PICKUP
  Liabilities:Bar:Members:Thequux   0.70 EUR   
  Income:Bar                       -0.70 EUR   

2021-10-28 txn "Sander bought 1 items for €0.60"
  timestamp: "2021-10-28 15:19:24.159827"
  type: "purchase"
  Assets:Inventory:Bar               -1 EXPIRED_DRINK
  Liabilities:Bar:Members:Sander      1 EXPIRED_DRINK
  Liabilities:Bar:Members:Sander   0.60 EUR          
  Income:Bar                      -0.60 EUR          

2021-10-28 txn "Carro​armato0 deposited €50.00"
  timestamp: "2021-10-28 16:14:28.696185"
  type: "deposit"
  Liabilities:Bar:Members:Carroarmato0  -50.00 EUR
  Assets:Cash:Bar                        50.00 EUR

2021-10-28 txn "Carro​armato0 bought 2 items for €2.60"
  timestamp: "2021-10-28 16:15:59.038029"
  type: "purchase"
  Assets:Inventory:Bar                     -1 FRITZ_ZERO
  Liabilities:Bar:Members:Carroarmato0      1 FRITZ_ZERO
  Assets:Inventory:Bar                     -1 SNICKERS  
  Liabilities:Bar:Members:Carroarmato0      1 SNICKERS  
  Liabilities:Bar:Members:Carroarmato0   2.60 EUR       
  Income:Bar                            -2.60 EUR       

2021-10-28 txn "TQ bought 1 items for €2.00"
  timestamp: "2021-10-28 16:16:58.641484"
  type: "purchase"
  Assets:Inventory:Bar                -1 FRITZ
  Liabilities:Bar:Members:Thequux      1 FRITZ
  Liabilities:Bar:Members:Thequux   2.00 EUR  
  Income:Bar                       -2.00 EUR  

2021-10-28 txn "--CASH-- bought 1 items for €1.50"
  timestamp: "2021-10-28 16:24:37.975704"
  type: "purchase"
  Assets:Inventory:Bar     -1 COKE_ZERO
  Assets:Cash:Bar           1 COKE_ZERO
  Assets:Cash:Bar        1.50 EUR      
  Income:Bar            -1.50 EUR      

2021-10-28 txn "Evils bought 1 items for €2.00"
  timestamp: "2021-10-28 17:00:08.613792"
  type: "purchase"
  Assets:Inventory:Bar              -1 FRITZ
  Liabilities:Bar:Members:Elvis      1 FRITZ
  Liabilities:Bar:Members:Elvis   2.00 EUR  
  Income:Bar                     -2.00 EUR  

2021-10-28 txn "Carro​armato0 deposited €-5.00"
  timestamp: "2021-10-28 17:03:04.654333"
  type: "deposit"
  Liabilities:Bar:Members:Carroarmato0   5.00 EUR
  Assets:Cash:Bar                       -5.00 EUR

2021-10-28 txn "Bloemist bought 1 items for €1.50"
  timestamp: "2021-10-28 17:08:31.112170"
  type: "purchase"
  Assets:Inventory:Bar                 -1 JUPILER
  Liabilities:Bar:Members:Bloemist      1 JUPILER
  Liabilities:Bar:Members:Bloemist   1.50 EUR    
  Income:Bar                        -1.50 EUR    

2021-10-28 txn "Bloemist deposited €170.00"
  timestamp: "2021-10-28 17:14:49.831513"
  type: "deposit"
  Liabilities:Bar:Members:Bloemist  -170.00 EUR
  Assets:Cash:Bar                    170.00 EUR

2021-10-28 txn "Bloemist bought 1 items for €4.00"
  timestamp: "2021-10-28 17:22:46.031774"
  type: "purchase"
  Assets:Inventory:Bar                 -1 CHIMAY
  Liabilities:Bar:Members:Bloemist      1 CHIMAY
  Liabilities:Bar:Members:Bloemist   4.00 EUR   
  Income:Bar                        -4.00 EUR   

2021-10-28 txn "Bloemist bought 1 items for €1.50"
  timestamp: "2021-10-28 17:47:20.447430"
  type: "purchase"
  Assets:Inventory:Bar                 -1 JUPILER
  Liabilities:Bar:Members:Bloemist      1 JUPILER
  Liabilities:Bar:Members:Bloemist   1.50 EUR    
  Income:Bar                        -1.50 EUR    

2021-10-28 txn "Sander deposited €20.00"
  timestamp: "2021-10-28 18:06:14.029988"
  type: "deposit"
  Liabilities:Bar:Members:Sander  -20.00 EUR
  Assets:Cash:Bar                  20.00 EUR

2021-10-28 txn "Thomas deposited €10.00"
  timestamp: "2021-10-28 18:07:37.326766"
  type: "deposit"
  Liabilities:Bar:Members:Thomas  -10.00 EUR
  Assets:Cash:Bar                  10.00 EUR

2021-10-28 txn "Thomas bought 1 items for €2.00"
  timestamp: "2021-10-28 18:08:11.347378"
  type: "purchase"
  Assets:Inventory:Bar               -1 CIDER
  Liabilities:Bar:Members:Thomas      1 CIDER
  Liabilities:Bar:Members:Thomas   2.00 EUR  
  Income:Bar                      -2.00 EUR  

2021-10-28 txn "Ljaytee bought 1 items for €2.00"
  timestamp: "2021-10-28 18:29:20.303783"
  type: "purchase"
  Assets:Inventory:Bar                -1 FRITZ
  Liabilities:Bar:Members:Ljaytee      1 FRITZ
  Liabilities:Bar:Members:Ljaytee   2.00 EUR  
  Income:Bar                       -2.00 EUR  

2021-10-28 txn "Bloemist bought 3 items for €4.50"
  timestamp: "2021-10-28 18:53:24.676706"
  type: "purchase"
  Assets:Inventory:Bar                 -3 JUPILER
  Liabilities:Bar:Members:Bloemist      3 JUPILER
  Liabilities:Bar:Members:Bloemist   4.50 EUR    
  Income:Bar                        -4.50 EUR    

2021-10-28 txn "Sander bought 1 items for €1.50"
  timestamp: "2021-10-28 18:55:40.361425"
  type: "purchase"
  Assets:Inventory:Bar               -1 COKE
  Liabilities:Bar:Members:Sander      1 COKE
  Liabilities:Bar:Members:Sander   1.50 EUR 
  Income:Bar                      -1.50 EUR 

2021-10-28 txn "Miker bought 1 items for €2.00"
  timestamp: "2021-10-28 18:56:13.925393"
  type: "purchase"
  Assets:Inventory:Bar              -1 CM 
  Liabilities:Bar:Members:Miker      1 CM 
  Liabilities:Bar:Members:Miker   2.00 EUR
  Income:Bar                     -2.00 EUR

2021-10-28 txn "Thomas bought 1 items for €4.00"
  timestamp: "2021-10-28 18:58:35.028063"
  type: "purchase"
  Assets:Inventory:Bar               -1 CHIMAY
  Liabilities:Bar:Members:Thomas      1 CHIMAY
  Liabilities:Bar:Members:Thomas   4.00 EUR   
  Income:Bar                      -4.00 EUR   

2021-10-28 txn "Ljaytee bought 1 items for €2.00"
  timestamp: "2021-10-28 19:04:09.032383"
  type: "purchase"
  Assets:Inventory:Bar                -1 FRITZ
  Liabilities:Bar:Members:Ljaytee      1 FRITZ
  Liabilities:Bar:Members:Ljaytee   2.00 EUR  
  Income:Bar                       -2.00 EUR  

2021-10-28 txn "Carro​armato0 bought 2 items for €2.60"
  timestamp: "2021-10-28 19:07:13.689759"
  type: "purchase"
  Assets:Inventory:Bar                     -1 FRITZ   
  Liabilities:Bar:Members:Carroarmato0      1 FRITZ   
  Assets:Inventory:Bar                     -1 SNICKERS
  Liabilities:Bar:Members:Carroarmato0      1 SNICKERS
  Liabilities:Bar:Members:Carroarmato0   2.60 EUR     
  Income:Bar                            -2.60 EUR     

2021-10-28 txn "Miker bought 1 items for €1.50"
  timestamp: "2021-10-28 19:07:24.350647"
  type: "purchase"
  Assets:Inventory:Bar              -1 JUPILER
  Liabilities:Bar:Members:Miker      1 JUPILER
  Liabilities:Bar:Members:Miker   1.50 EUR    
  Income:Bar                     -1.50 EUR    

2021-10-28 txn "--CASH-- bought 2 items for €3.00"
  timestamp: "2021-10-28 19:09:51.888334"
  type: "purchase"
  Assets:Inventory:Bar     -2 JUPILER
  Assets:Cash:Bar           2 JUPILER
  Assets:Cash:Bar        3.00 EUR    
  Income:Bar            -3.00 EUR    

2021-10-28 txn "qwaxys bought 1 items for €1.50"
  timestamp: "2021-10-28 19:11:02.347585"
  type: "purchase"
  Assets:Inventory:Bar             -1 FANTA
  Liabilities:Bar:Members:Bart      1 FANTA
  Liabilities:Bar:Members:Bart   1.50 EUR  
  Income:Bar                    -1.50 EUR  

2021-10-28 txn "TQ bought 1 items for €2.00"
  timestamp: "2021-10-28 19:11:22.510970"
  type: "purchase"
  Assets:Inventory:Bar                -1 FLORA
  Liabilities:Bar:Members:Thequux      1 FLORA
  Liabilities:Bar:Members:Thequux   2.00 EUR  
  Income:Bar                       -2.00 EUR  

2021-10-28 txn "Evils gave Fearless a gift of €0.20"
  timestamp: "2021-10-28 19:17:11.852324"
  type: "transfer"
  Liabilities:Bar:Members:Elvis      0.20 EUR
  Liabilities:Bar:Members:Fearless  -0.20 EUR

2021-10-28 txn "--CASH-- bought 1 items for €2.00"
  timestamp: "2021-10-28 19:32:51.653615"
  type: "purchase"
  Assets:Inventory:Bar     -1 CM 
  Assets:Cash:Bar           1 CM 
  Assets:Cash:Bar        2.00 EUR
  Income:Bar            -2.00 EUR

2021-10-28 txn "Thomas deposited €20.00"
  timestamp: "2021-10-28 20:03:31.897412"
  type: "deposit"
  Liabilities:Bar:Members:Thomas  -20.00 EUR
  Assets:Cash:Bar                  20.00 EUR

2021-10-28 txn "Miker bought 2 items for €3.50"
  timestamp: "2021-10-28 20:04:08.657478"
  type: "purchase"
  Assets:Inventory:Bar              -1 FRITZ  
  Liabilities:Bar:Members:Miker      1 FRITZ  
  Assets:Inventory:Bar              -1 JUPILER
  Liabilities:Bar:Members:Miker      1 JUPILER
  Liabilities:Bar:Members:Miker   3.50 EUR    
  Income:Bar                     -3.50 EUR    

2021-10-28 txn "Thomas bought 1 items for €2.00"
  timestamp: "2021-10-28 20:04:21.498374"
  type: "purchase"
  Assets:Inventory:Bar               -1 CIDER
  Liabilities:Bar:Members:Thomas      1 CIDER
  Liabilities:Bar:Members:Thomas   2.00 EUR  
  Income:Bar                      -2.00 EUR  

2021-10-28 txn "Thomas gave Fearless a gift of €10.00"
  timestamp: "2021-10-28 20:05:38.410547"
  type: "transfer"
  Liabilities:Bar:Members:Thomas     10.00 EUR
  Liabilities:Bar:Members:Fearless  -10.00 EUR

2021-10-28 txn "Ljaytee bought 1 items for €2.00"
  timestamp: "2021-10-28 20:32:08.922696"
  type: "purchase"
  Assets:Inventory:Bar                -1 FRITZ
  Liabilities:Bar:Members:Ljaytee      1 FRITZ
  Liabilities:Bar:Members:Ljaytee   2.00 EUR  
  Income:Bar                       -2.00 EUR  

2021-10-28 txn "Sander bought 1 items for €1.50"
  timestamp: "2021-10-28 21:03:03.363858"
  type: "purchase"
  Assets:Inventory:Bar               -1 COKE
  Liabilities:Bar:Members:Sander      1 COKE
  Liabilities:Bar:Members:Sander   1.50 EUR 
  Income:Bar                      -1.50 EUR 

2021-10-28 txn "Miker bought 2 items for €2.10"
  timestamp: "2021-10-28 21:28:42.663066"
  type: "purchase"
  Assets:Inventory:Bar              -1 JUPILER
  Liabilities:Bar:Members:Miker      1 JUPILER
  Assets:Inventory:Bar              -1 MARS   
  Liabilities:Bar:Members:Miker      1 MARS   
  Liabilities:Bar:Members:Miker   2.10 EUR    
  Income:Bar                     -2.10 EUR    

2021-10-28 txn "Carro​armato0 bought 3 items for €4.40"
  timestamp: "2021-10-28 21:39:17.226469"
  type: "purchase"
  Assets:Inventory:Bar                     -2 FOOD_CUP
  Liabilities:Bar:Members:Carroarmato0      2 FOOD_CUP
  Assets:Inventory:Bar                     -1 CM      
  Liabilities:Bar:Members:Carroarmato0      1 CM      
  Liabilities:Bar:Members:Carroarmato0   4.40 EUR     
  Income:Bar                            -4.40 EUR     

2021-10-28 txn "Carro​armato0 bought 2 items for €1.80"
  timestamp: "2021-10-28 21:42:07.267410"
  type: "purchase"
  Assets:Inventory:Bar                     -1 CHIP    
  Liabilities:Bar:Members:Carroarmato0      1 CHIP    
  Assets:Inventory:Bar                     -1 SNICKERS
  Liabilities:Bar:Members:Carroarmato0      1 SNICKERS
  Liabilities:Bar:Members:Carroarmato0   1.80 EUR     
  Income:Bar                            -1.80 EUR     

2021-10-28 txn "Ljaytee bought 1 items for €2.50"
  timestamp: "2021-10-28 21:55:56.882294"
  type: "purchase"
  Assets:Inventory:Bar                -1 MYSTERY
  Liabilities:Bar:Members:Ljaytee      1 MYSTERY
  Liabilities:Bar:Members:Ljaytee   2.50 EUR    
  Income:Bar                       -2.50 EUR    

2021-10-29 txn "Miker bought 1 items for €2.00"
  timestamp: "2021-10-29 10:40:26.916909"
  type: "purchase"
  Assets:Inventory:Bar              -1 FRITZ
  Liabilities:Bar:Members:Miker      1 FRITZ
  Liabilities:Bar:Members:Miker   2.00 EUR  
  Income:Bar                     -2.00 EUR  

2021-10-30 txn "Ljaytee deposited €5.00"
  timestamp: "2021-10-30 09:00:41.737005"
  type: "deposit"
  Liabilities:Bar:Members:Ljaytee  -5.00 EUR
  Assets:Cash:Bar                   5.00 EUR

2021-10-30 txn "Ljaytee bought 1 items for €2.00"
  timestamp: "2021-10-30 09:01:50.433396"
  type: "purchase"
  Assets:Inventory:Bar                -1 FRITZ
  Liabilities:Bar:Members:Ljaytee      1 FRITZ
  Liabilities:Bar:Members:Ljaytee   2.00 EUR  
  Income:Bar                       -2.00 EUR  

2021-10-30 txn "TQ bought 1 items for €2.00"
  timestamp: "2021-10-30 09:01:54.811359"
  type: "purchase"
  Assets:Inventory:Bar                -1 FLORA
  Liabilities:Bar:Members:Thequux      1 FLORA
  Liabilities:Bar:Members:Thequux   2.00 EUR  
  Income:Bar                       -2.00 EUR  

2021-10-30 txn "Bloemist bought 1 items for €1.50"
  timestamp: "2021-10-30 17:12:01.473115"
  type: "purchase"
  Assets:Inventory:Bar                 -1 JUPILER
  Liabilities:Bar:Members:Bloemist      1 JUPILER
  Liabilities:Bar:Members:Bloemist   1.50 EUR    
  Income:Bar                        -1.50 EUR    

2021-10-30 txn "ruleant deposited €10.00"
  timestamp: "2021-10-30 17:18:49.434270"
  type: "deposit"
  Liabilities:Bar:Members:Ruleant  -10.00 EUR
  Assets:Cash:Bar                   10.00 EUR

2021-10-30 txn "ruleant bought 1 items for €1.50"
  timestamp: "2021-10-30 17:19:30.877444"
  type: "purchase"
  Assets:Inventory:Bar                -1 FANTA
  Liabilities:Bar:Members:Ruleant      1 FANTA
  Liabilities:Bar:Members:Ruleant   1.50 EUR  
  Income:Bar                       -1.50 EUR  

2021-10-30 txn "Bloemist bought 1 items for €0.60"
  timestamp: "2021-10-30 18:38:15.705548"
  type: "purchase"
  Assets:Inventory:Bar                 -1 SNACK
  Liabilities:Bar:Members:Bloemist      1 SNACK
  Liabilities:Bar:Members:Bloemist   0.60 EUR  
  Income:Bar                        -0.60 EUR  

2021-10-30 txn "ruleant bought 1 items for €1.50"
  timestamp: "2021-10-30 19:48:56.765430"
  type: "purchase"
  Assets:Inventory:Bar                -1 FANTA
  Liabilities:Bar:Members:Ruleant      1 FANTA
  Liabilities:Bar:Members:Ruleant   1.50 EUR  
  Income:Bar                       -1.50 EUR  

2021-10-31 txn "Bloemist bought 1 items for €1.50"
  timestamp: "2021-10-31 16:50:29.193089"
  type: "purchase"
  Assets:Inventory:Bar                 -1 COKE
  Liabilities:Bar:Members:Bloemist      1 COKE
  Liabilities:Bar:Members:Bloemist   1.50 EUR 
  Income:Bar                        -1.50 EUR 

2021-11-01 txn "Yvan bought 1 items for €1.50"
  timestamp: "2021-11-01 11:21:02.352386"
  type: "purchase"
  Assets:Inventory:Bar             -1 COKE
  Liabilities:Bar:Members:Yvan      1 COKE
  Liabilities:Bar:Members:Yvan   1.50 EUR 
  Income:Bar                    -1.50 EUR 

2021-11-01 txn "Yvan bought 2 items for €1.70"
  timestamp: "2021-11-01 14:39:40.857772"
  type: "purchase"
  Assets:Inventory:Bar                -1 ROM   
  Liabilities:Bar:Members:Yvan         1 ROM   
  Assets:Inventory:Bar                -1 PICKUP
  Liabilities:Bar:Members:Yvan         1 PICKUP
  Liabilities:Bar:Members:Yvan      1.70 EUR   
  Liabilities:Bar:Members:Thequux  -0.50 EUR   
  Income:Bar                       -1.20 EUR   

2021-11-01 txn "ruleant bought 1 items for €1.50"
  timestamp: "2021-11-01 16:17:10.339712"
  type: "purchase"
  Assets:Inventory:Bar                -1 FANTA
  Liabilities:Bar:Members:Ruleant      1 FANTA
  Liabilities:Bar:Members:Ruleant   1.50 EUR  
  Income:Bar                       -1.50 EUR  

2021-11-02 txn "TQ bought 1 items for €2.00"
  timestamp: "2021-11-02 10:38:21.901549"
  type: "purchase"
  Assets:Inventory:Bar                -1 FRITZ
  Liabilities:Bar:Members:Thequux      1 FRITZ
  Liabilities:Bar:Members:Thequux   2.00 EUR  
  Income:Bar                       -2.00 EUR  

2021-11-02 txn "TQ bought 1 items for €2.00"
  timestamp: "2021-11-02 13:31:55.851259"
  type: "purchase"
  Assets:Inventory:Bar                -1 FLORA
  Liabilities:Bar:Members:Thequux      1 FLORA
  Liabilities:Bar:Members:Thequux   2.00 EUR  
  Income:Bar                       -2.00 EUR  

2021-11-02 txn "ruleant bought 1 items for €1.50"
  timestamp: "2021-11-02 15:49:33.005741"
  type: "purchase"
  Assets:Inventory:Bar                -1 FANTA
  Liabilities:Bar:Members:Ruleant      1 FANTA
  Liabilities:Bar:Members:Ruleant   1.50 EUR  
  Income:Bar                       -1.50 EUR  

2021-11-03 txn "Yvan bought 1 items for €1.50"
  timestamp: "2021-11-03 08:22:09.552784"
  type: "purchase"
  Assets:Inventory:Bar             -1 COKE
  Liabilities:Bar:Members:Yvan      1 COKE
  Liabilities:Bar:Members:Yvan   1.50 EUR 
  Income:Bar                    -1.50 EUR 

2021-11-03 txn "Yvan bought 3 items for €2.90"
  timestamp: "2021-11-03 14:22:41.368636"
  type: "purchase"
  Assets:Inventory:Bar             -1 COKE  
  Liabilities:Bar:Members:Yvan      1 COKE  
  Assets:Inventory:Bar             -2 PICKUP
  Liabilities:Bar:Members:Yvan      2 PICKUP
  Liabilities:Bar:Members:Yvan   2.90 EUR   
  Income:Bar                    -2.90 EUR   

2021-11-04 txn "Yvan bought 1 items for €1.50"
  timestamp: "2021-11-04 10:19:36.641192"
  type: "purchase"
  Assets:Inventory:Bar             -1 COKE
  Liabilities:Bar:Members:Yvan      1 COKE
  Liabilities:Bar:Members:Yvan   1.50 EUR 
  Income:Bar                    -1.50 EUR 

2021-11-04 txn "Miker bought 1 items for €1.50"
  timestamp: "2021-11-04 11:33:56.060929"
  type: "purchase"
  Assets:Inventory:Bar              -1 COKE_ZERO
  Liabilities:Bar:Members:Miker      1 COKE_ZERO
  Liabilities:Bar:Members:Miker   1.50 EUR      
  Income:Bar                     -1.50 EUR      

2021-11-04 txn "Evils bought 1 items for €1.20"
  timestamp: "2021-11-04 12:55:37.401112"
  type: "purchase"
  Assets:Inventory:Bar              -1 CHIP
  Liabilities:Bar:Members:Elvis      1 CHIP
  Liabilities:Bar:Members:Elvis   1.20 EUR 
  Income:Bar                     -1.20 EUR 

2021-11-04 txn "Evils gave Yvan a gift of €3.50"
  timestamp: "2021-11-04 14:35:41.618869"
  type: "transfer"
  Liabilities:Bar:Members:Elvis   3.50 EUR
  Liabilities:Bar:Members:Yvan   -3.50 EUR

2021-11-04 txn "Yvan bought 1 items for €1.50"
  timestamp: "2021-11-04 15:18:27.620991"
  type: "purchase"
  Assets:Inventory:Bar             -1 COKE
  Liabilities:Bar:Members:Yvan      1 COKE
  Liabilities:Bar:Members:Yvan   1.50 EUR 
  Income:Bar                    -1.50 EUR 

2021-11-04 txn "--CASH-- bought 1 items for €2.00"
  timestamp: "2021-11-04 15:43:21.012512"
  type: "purchase"
  Assets:Inventory:Bar     -1 CM 
  Assets:Cash:Bar           1 CM 
  Assets:Cash:Bar        2.00 EUR
  Income:Bar            -2.00 EUR

2021-11-04 txn "Evils bought 1 items for €0.60"
  timestamp: "2021-11-04 16:26:02.267677"
  type: "purchase"
  Assets:Inventory:Bar              -1 MARS
  Liabilities:Bar:Members:Elvis      1 MARS
  Liabilities:Bar:Members:Elvis   0.60 EUR 
  Income:Bar                     -0.60 EUR 

2021-11-04 txn "--CASH-- bought 1 items for €1.50"
  timestamp: "2021-11-04 17:10:33.985568"
  type: "purchase"
  Assets:Inventory:Bar     -1 COKE_ZERO
  Assets:Cash:Bar           1 COKE_ZERO
  Assets:Cash:Bar        1.50 EUR      
  Income:Bar            -1.50 EUR      

2021-11-04 txn "qwaxys gave Evils a gift of €5.50"
  timestamp: "2021-11-04 17:42:28.177313"
  type: "transfer"
  Liabilities:Bar:Members:Bart    5.50 EUR
  Liabilities:Bar:Members:Elvis  -5.50 EUR

2021-11-04 txn "Fearless gave Evils a gift of €5.50"
  timestamp: "2021-11-04 17:42:48.253749"
  type: "transfer"
  Liabilities:Bar:Members:Fearless   5.50 EUR
  Liabilities:Bar:Members:Elvis     -5.50 EUR

2021-11-04 txn "Sander bought 1 items for €1.50"
  timestamp: "2021-11-04 17:45:31.591776"
  type: "purchase"
  Assets:Inventory:Bar               -1 COKE
  Liabilities:Bar:Members:Sander      1 COKE
  Liabilities:Bar:Members:Sander   1.50 EUR 
  Income:Bar                      -1.50 EUR 

2021-11-04 txn "Carro​armato0 bought 1 items for €1.20"
  timestamp: "2021-11-04 17:53:17.673230"
  type: "purchase"
  Assets:Inventory:Bar                     -1 CHIP
  Liabilities:Bar:Members:Carroarmato0      1 CHIP
  Liabilities:Bar:Members:Carroarmato0   1.20 EUR 
  Income:Bar                            -1.20 EUR 

2021-11-04 txn "Carro​armato0 bought 3 items for €5.50"
  timestamp: "2021-11-04 17:54:00.829619"
  type: "purchase"
  Assets:Inventory:Bar                     -1 COKE_ZERO
  Liabilities:Bar:Members:Carroarmato0      1 COKE_ZERO
  Assets:Inventory:Bar                     -2 CM       
  Liabilities:Bar:Members:Carroarmato0      2 CM       
  Liabilities:Bar:Members:Carroarmato0   5.50 EUR      
  Income:Bar                            -5.50 EUR      

2021-11-04 txn "--CASH-- bought 1 items for €2.00"
  timestamp: "2021-11-04 17:59:49.485190"
  type: "purchase"
  Assets:Inventory:Bar     -1 FLORA
  Assets:Cash:Bar           1 FLORA
  Assets:Cash:Bar        2.00 EUR  
  Income:Bar            -2.00 EUR  

2021-11-04 txn "Carro​armato0 bought 1 items for €1.50"
  timestamp: "2021-11-04 18:48:43.349172"
  type: "purchase"
  Assets:Inventory:Bar                     -1 COKE_ZERO
  Liabilities:Bar:Members:Carroarmato0      1 COKE_ZERO
  Liabilities:Bar:Members:Carroarmato0   1.50 EUR      
  Income:Bar                            -1.50 EUR      

2021-11-04 txn "--CASH-- bought 2 items for €3.00"
  timestamp: "2021-11-04 18:51:55.191909"
  type: "purchase"
  Assets:Inventory:Bar     -2 JUPILER
  Assets:Cash:Bar           2 JUPILER
  Assets:Cash:Bar        3.00 EUR    
  Income:Bar            -3.00 EUR    

2021-11-04 txn "--CASH-- bought 1 items for €1.20"
  timestamp: "2021-11-04 18:58:17.901467"
  type: "purchase"
  Assets:Inventory:Bar     -1 CHIP
  Assets:Cash:Bar           1 CHIP
  Assets:Cash:Bar        1.20 EUR 
  Income:Bar            -1.20 EUR 

2021-11-04 txn "--CASH-- bought 1 items for €2.00"
  timestamp: "2021-11-04 19:09:11.399198"
  type: "purchase"
  Assets:Inventory:Bar     -1 VITAMALZ
  Assets:Cash:Bar           1 VITAMALZ
  Assets:Cash:Bar        2.00 EUR     
  Income:Bar            -2.00 EUR     

2021-11-04 txn "Miker bought 1 items for €2.00"
  timestamp: "2021-11-04 19:17:31.395949"
  type: "purchase"
  Assets:Inventory:Bar              -1 FRITZ
  Liabilities:Bar:Members:Miker      1 FRITZ
  Liabilities:Bar:Members:Miker   2.00 EUR  
  Income:Bar                     -2.00 EUR  

2021-11-04 txn "Sander bought 1 items for €2.00"
  timestamp: "2021-11-04 19:24:14.365147"
  type: "purchase"
  Assets:Inventory:Bar               -1 FRITZ
  Liabilities:Bar:Members:Sander      1 FRITZ
  Liabilities:Bar:Members:Sander   2.00 EUR  
  Income:Bar                      -2.00 EUR  

2021-11-04 txn "Netman deposited €10.00"
  timestamp: "2021-11-04 19:31:26.479333"
  type: "deposit"
  Liabilities:Bar:Members:Netman  -10.00 EUR
  Assets:Cash:Bar                  10.00 EUR

2021-11-04 txn "Netman bought 5 items for €7.50"
  timestamp: "2021-11-04 19:31:57.097553"
  type: "purchase"
  Assets:Inventory:Bar               -3 JUPILER
  Liabilities:Bar:Members:Netman      3 JUPILER
  Assets:Inventory:Bar               -1 COKE   
  Liabilities:Bar:Members:Netman      1 COKE   
  Assets:Inventory:Bar               -1 FANTA  
  Liabilities:Bar:Members:Netman      1 FANTA  
  Liabilities:Bar:Members:Netman   7.50 EUR    
  Income:Bar                      -7.50 EUR    

2021-11-04 txn "Netman deposited €10.00"
  timestamp: "2021-11-04 20:09:46.538221"
  type: "deposit"
  Liabilities:Bar:Members:Netman  -10.00 EUR
  Assets:Cash:Bar                  10.00 EUR

2021-11-04 txn "Netman bought 2 items for €3.00"
  timestamp: "2021-11-04 20:10:13.401122"
  type: "purchase"
  Assets:Inventory:Bar               -2 JUPILER
  Liabilities:Bar:Members:Netman      2 JUPILER
  Liabilities:Bar:Members:Netman   3.00 EUR    
  Income:Bar                      -3.00 EUR    

2021-11-04 txn "Netman bought 1 items for €1.20"
  timestamp: "2021-11-04 20:11:32.572975"
  type: "purchase"
  Assets:Inventory:Bar               -1 FOOD_CUP
  Liabilities:Bar:Members:Netman      1 FOOD_CUP
  Liabilities:Bar:Members:Netman   1.20 EUR     
  Income:Bar                      -1.20 EUR     

2021-11-04 txn "--CASH-- bought 1 items for €1.20"
  timestamp: "2021-11-04 20:17:21.401084"
  type: "purchase"
  Assets:Inventory:Bar     -1 FOOD_CUP
  Assets:Cash:Bar           1 FOOD_CUP
  Assets:Cash:Bar        1.20 EUR     
  Income:Bar            -1.20 EUR     

2021-11-04 txn "Joris bought 1 items for €4.00"
  timestamp: "2021-11-04 20:27:16.357100"
  type: "purchase"
  Assets:Inventory:Bar              -1 CHIMAY
  Liabilities:Bar:Members:Joris      1 CHIMAY
  Liabilities:Bar:Members:Joris   4.00 EUR   
  Income:Bar                     -4.00 EUR   

2021-11-04 txn "Joris deposited €20.00"
  timestamp: "2021-11-04 20:28:13.137521"
  type: "deposit"
  Liabilities:Bar:Members:Joris  -20.00 EUR
  Assets:Cash:Bar                 20.00 EUR

2021-11-04 txn "Miker bought 1 items for €2.00"
  timestamp: "2021-11-04 20:28:21.827137"
  type: "purchase"
  Assets:Inventory:Bar              -1 CM 
  Liabilities:Bar:Members:Miker      1 CM 
  Liabilities:Bar:Members:Miker   2.00 EUR
  Income:Bar                     -2.00 EUR

2021-11-04 txn "Carro​armato0 bought 2 items for €4.00"
  timestamp: "2021-11-04 20:31:35.025762"
  type: "purchase"
  Assets:Inventory:Bar                     -1 CM      
  Liabilities:Bar:Members:Carroarmato0      1 CM      
  Assets:Inventory:Bar                     -1 VITAMALZ
  Liabilities:Bar:Members:Carroarmato0      1 VITAMALZ
  Liabilities:Bar:Members:Carroarmato0   4.00 EUR     
  Income:Bar                            -4.00 EUR     

2021-11-04 txn "Bloemist bought 1 items for €2.00"
  timestamp: "2021-11-04 20:31:51.063102"
  type: "purchase"
  Assets:Inventory:Bar                 -1 CM 
  Liabilities:Bar:Members:Bloemist      1 CM 
  Liabilities:Bar:Members:Bloemist   2.00 EUR
  Income:Bar                        -2.00 EUR

2021-11-04 txn "Maja bought 1 items for €2.00"
  timestamp: "2021-11-04 20:38:27.807825"
  type: "purchase"
  Assets:Inventory:Bar             -1 CMRED
  Liabilities:Bar:Members:Maja      1 CMRED
  Liabilities:Bar:Members:Maja   2.00 EUR  
  Income:Bar                    -2.00 EUR  

2021-11-04 txn "--CASH-- bought 1 items for €1.50"
  timestamp: "2021-11-04 20:40:58.130576"
  type: "purchase"
  Assets:Inventory:Bar     -1 COKE_ZERO
  Assets:Cash:Bar           1 COKE_ZERO
  Assets:Cash:Bar        1.50 EUR      
  Income:Bar            -1.50 EUR      

2021-11-04 txn "qwaxys bought 1 items for €4.00"
  timestamp: "2021-11-04 20:45:58.458753"
  type: "purchase"
  Assets:Inventory:Bar             -1 CHIMAY
  Liabilities:Bar:Members:Bart      1 CHIMAY
  Liabilities:Bar:Members:Bart   4.00 EUR   
  Income:Bar                    -4.00 EUR   

2021-11-04 txn "Bloemist bought 2 items for €1.20"
  timestamp: "2021-11-04 20:47:43.365066"
  type: "purchase"
  Assets:Inventory:Bar                 -2 SNACK
  Liabilities:Bar:Members:Bloemist      2 SNACK
  Liabilities:Bar:Members:Bloemist   1.20 EUR  
  Income:Bar                        -1.20 EUR  

2021-11-04 txn "Joris bought 1 items for €0.60"
  timestamp: "2021-11-04 21:07:54.949475"
  type: "purchase"
  Assets:Inventory:Bar              -1 SNICKERS
  Liabilities:Bar:Members:Joris      1 SNICKERS
  Liabilities:Bar:Members:Joris   0.60 EUR     
  Income:Bar                     -0.60 EUR     

2021-11-04 txn "Sander bought 1 items for €1.50"
  timestamp: "2021-11-04 21:14:16.209447"
  type: "purchase"
  Assets:Inventory:Bar               -1 COKE
  Liabilities:Bar:Members:Sander      1 COKE
  Liabilities:Bar:Members:Sander   1.50 EUR 
  Income:Bar                      -1.50 EUR 

2021-11-04 txn "Miker bought 2 items for €2.10"
  timestamp: "2021-11-04 21:21:03.965339"
  type: "purchase"
  Assets:Inventory:Bar              -1 JUPILER
  Liabilities:Bar:Members:Miker      1 JUPILER
  Assets:Inventory:Bar              -1 MARS   
  Liabilities:Bar:Members:Miker      1 MARS   
  Liabilities:Bar:Members:Miker   2.10 EUR    
  Income:Bar                     -2.10 EUR    

2021-11-04 txn "--CASH-- bought 2 items for €3.50"
  timestamp: "2021-11-04 21:38:33.712805"
  type: "purchase"
  Assets:Inventory:Bar     -1 CMCOLA 
  Assets:Cash:Bar           1 CMCOLA 
  Assets:Inventory:Bar     -1 JUPILER
  Assets:Cash:Bar           1 JUPILER
  Assets:Cash:Bar        3.50 EUR    
  Income:Bar            -3.50 EUR    

2021-11-04 txn "Maja bought 1 items for €2.00"
  timestamp: "2021-11-04 21:54:30.783433"
  type: "purchase"
  Assets:Inventory:Bar             -1 CM 
  Liabilities:Bar:Members:Maja      1 CM 
  Liabilities:Bar:Members:Maja   2.00 EUR
  Income:Bar                    -2.00 EUR

2021-11-04 txn "Carro​armato0 bought 4 items for €2.70"
  timestamp: "2021-11-04 21:59:28.769638"
  type: "purchase"
  Assets:Inventory:Bar                     -1 SNICKERS
  Liabilities:Bar:Members:Carroarmato0      1 SNICKERS
  Assets:Inventory:Bar                     -3 PICKUP  
  Liabilities:Bar:Members:Carroarmato0      3 PICKUP  
  Liabilities:Bar:Members:Carroarmato0   2.70 EUR     
  Income:Bar                            -2.70 EUR     

2021-11-04 txn "qwaxys bought 1 items for €0.60"
  timestamp: "2021-11-04 22:20:32.847918"
  type: "purchase"
  Assets:Inventory:Bar             -1 MARS
  Liabilities:Bar:Members:Bart      1 MARS
  Liabilities:Bar:Members:Bart   0.60 EUR 
  Income:Bar                    -0.60 EUR 

2021-11-04 txn "--CASH-- bought 1 items for €1.20"
  timestamp: "2021-11-04 22:33:06.137037"
  type: "purchase"
  Assets:Inventory:Bar     -1 FOOD_CUP
  Assets:Cash:Bar           1 FOOD_CUP
  Assets:Cash:Bar        1.20 EUR     
  Income:Bar            -1.20 EUR     

2021-11-04 txn "Maja bought 1 items for €1.20"
  timestamp: "2021-11-04 22:57:42.904925"
  type: "purchase"
  Assets:Inventory:Bar             -1 FOOD_CUP
  Liabilities:Bar:Members:Maja      1 FOOD_CUP
  Liabilities:Bar:Members:Maja   1.20 EUR     
  Income:Bar                    -1.20 EUR     

2021-11-05 txn "Bloemist bought 3 items for €3.20"
  timestamp: "2021-11-05 03:47:35.925927"
  type: "purchase"
  Assets:Inventory:Bar                 -1 CM   
  Liabilities:Bar:Members:Bloemist      1 CM   
  Assets:Inventory:Bar                 -2 SNACK
  Liabilities:Bar:Members:Bloemist      2 SNACK
  Liabilities:Bar:Members:Bloemist   3.20 EUR  
  Income:Bar                        -3.20 EUR  

2021-11-07 txn "Koen deposited €35.00"
  timestamp: "2021-11-07 15:15:27.313284"
  type: "deposit"
  Liabilities:Bar:Members:Koen  -35.00 EUR
  Assets:Cash:Bar                35.00 EUR

2021-11-07 txn "Koen bought 1 items for €1.50"
  timestamp: "2021-11-07 15:24:04.616916"
  type: "purchase"
  Assets:Inventory:Bar             -1 COKE
  Liabilities:Bar:Members:Koen      1 COKE
  Liabilities:Bar:Members:Koen   1.50 EUR 
  Income:Bar                    -1.50 EUR 

2021-11-07 txn "--CASH-- bought 1 items for €2.00"
  timestamp: "2021-11-07 15:47:14.604672"
  type: "purchase"
  Assets:Inventory:Bar     -1 CM 
  Assets:Cash:Bar           1 CM 
  Assets:Cash:Bar        2.00 EUR
  Income:Bar            -2.00 EUR

2021-11-07 txn "Ljaytee bought 2 items for €3.50"
  timestamp: "2021-11-07 15:47:36.130568"
  type: "purchase"
  Assets:Inventory:Bar                -1 COKE_ZERO
  Liabilities:Bar:Members:Ljaytee      1 COKE_ZERO
  Assets:Inventory:Bar                -1 CM       
  Liabilities:Bar:Members:Ljaytee      1 CM       
  Liabilities:Bar:Members:Ljaytee   3.50 EUR      
  Income:Bar                       -3.50 EUR      

2021-11-07 txn "Ljaytee bought 1 items for €0.60"
  timestamp: "2021-11-07 16:06:01.935099"
  type: "purchase"
  Assets:Inventory:Bar                -1 MARS
  Liabilities:Bar:Members:Ljaytee      1 MARS
  Liabilities:Bar:Members:Ljaytee   0.60 EUR 
  Income:Bar                       -0.60 EUR 

2021-11-07 txn "--CASH-- bought 2 items for €6.00"
  timestamp: "2021-11-07 16:08:47.693726"
  type: "purchase"
  Assets:Inventory:Bar     -1 FLORA 
  Assets:Cash:Bar           1 FLORA 
  Assets:Inventory:Bar     -1 CHIMAY
  Assets:Cash:Bar           1 CHIMAY
  Assets:Cash:Bar        6.00 EUR   
  Income:Bar            -6.00 EUR   

2021-11-07 txn "Fearless bought 1 items for €2.50"
  timestamp: "2021-11-07 16:11:29.785466"
  type: "purchase"
  Assets:Inventory:Bar                 -1 MYSTERY
  Liabilities:Bar:Members:Fearless      1 MYSTERY
  Liabilities:Bar:Members:Fearless   2.50 EUR    
  Income:Bar                        -2.50 EUR    

2021-11-07 txn "Evils bought 1 items for €2.00"
  timestamp: "2021-11-07 16:15:31.723311"
  type: "purchase"
  Assets:Inventory:Bar              -1 VITAMALZ
  Liabilities:Bar:Members:Elvis      1 VITAMALZ
  Liabilities:Bar:Members:Elvis   2.00 EUR     
  Income:Bar                     -2.00 EUR     

2021-11-07 txn "Ljaytee bought 1 items for €2.00"
  timestamp: "2021-11-07 16:21:28.653848"
  type: "purchase"
  Assets:Inventory:Bar                -1 CM 
  Liabilities:Bar:Members:Ljaytee      1 CM 
  Liabilities:Bar:Members:Ljaytee   2.00 EUR
  Income:Bar                       -2.00 EUR

2021-11-07 txn "Koen bought 1 items for €1.50"
  timestamp: "2021-11-07 16:28:44.335980"
  type: "purchase"
  Assets:Inventory:Bar             -1 JUPILER
  Liabilities:Bar:Members:Koen      1 JUPILER
  Liabilities:Bar:Members:Koen   1.50 EUR    
  Income:Bar                    -1.50 EUR    

2021-11-07 txn "qwaxys bought 1 items for €1.50"
  timestamp: "2021-11-07 16:36:35.395152"
  type: "purchase"
  Assets:Inventory:Bar             -1 FANTA
  Liabilities:Bar:Members:Bart      1 FANTA
  Liabilities:Bar:Members:Bart   1.50 EUR  
  Income:Bar                    -1.50 EUR  

2021-11-07 txn "Koen bought 1 items for €1.50"
  timestamp: "2021-11-07 17:16:32.880172"
  type: "purchase"
  Assets:Inventory:Bar             -1 JUPILER
  Liabilities:Bar:Members:Koen      1 JUPILER
  Liabilities:Bar:Members:Koen   1.50 EUR    
  Income:Bar                    -1.50 EUR    

2021-11-07 txn "Maja bought 1 items for €2.00"
  timestamp: "2021-11-07 17:19:55.671417"
  type: "purchase"
  Assets:Inventory:Bar             -1 CM 
  Liabilities:Bar:Members:Maja      1 CM 
  Liabilities:Bar:Members:Maja   2.00 EUR
  Income:Bar                    -2.00 EUR

2021-11-07 txn "Fearless bought 1 items for €2.50"
  timestamp: "2021-11-07 17:21:54.401037"
  type: "purchase"
  Assets:Inventory:Bar                 -1 MYSTERY
  Liabilities:Bar:Members:Fearless      1 MYSTERY
  Liabilities:Bar:Members:Fearless   2.50 EUR    
  Income:Bar                        -2.50 EUR    

2021-11-07 txn "Ljaytee bought 2 items for €4.00"
  timestamp: "2021-11-07 17:29:09.709657"
  type: "purchase"
  Assets:Inventory:Bar                -2 CM 
  Liabilities:Bar:Members:Ljaytee      2 CM 
  Liabilities:Bar:Members:Ljaytee   4.00 EUR
  Income:Bar                       -4.00 EUR

2021-11-07 txn "Sander bought 1 items for €0.75"
  timestamp: "2021-11-07 17:55:38.697758"
  type: "purchase"
  Assets:Inventory:Bar               -1 WATER
  Liabilities:Bar:Members:Sander      1 WATER
  Liabilities:Bar:Members:Sander   0.75 EUR  
  Income:Bar                      -0.75 EUR  

2021-11-07 txn "Maja bought 1 items for €1.20"
  timestamp: "2021-11-07 18:58:55.711526"
  type: "purchase"
  Assets:Inventory:Bar             -1 FOOD_CUP
  Liabilities:Bar:Members:Maja      1 FOOD_CUP
  Liabilities:Bar:Members:Maja   1.20 EUR     
  Income:Bar                    -1.20 EUR     

2021-11-07 txn "Els bought 2 items for €2.10"
  timestamp: "2021-11-07 18:59:11.364494"
  type: "purchase"
  Assets:Inventory:Bar            -1 FANTA   
  Liabilities:Bar:Members:Els      1 FANTA   
  Assets:Inventory:Bar            -1 SNICKERS
  Liabilities:Bar:Members:Els      1 SNICKERS
  Liabilities:Bar:Members:Els   2.10 EUR     
  Income:Bar                   -2.10 EUR     

2021-11-07 txn "Koen bought 1 items for €1.50"
  timestamp: "2021-11-07 19:03:14.941002"
  type: "purchase"
  Assets:Inventory:Bar             -1 JUPILER
  Liabilities:Bar:Members:Koen      1 JUPILER
  Liabilities:Bar:Members:Koen   1.50 EUR    
  Income:Bar                    -1.50 EUR    

2021-11-07 txn "--CASH-- bought 1 items for €1.20"
  timestamp: "2021-11-07 19:17:26.666128"
  type: "purchase"
  Assets:Inventory:Bar     -1 FOOD_CUP
  Assets:Cash:Bar           1 FOOD_CUP
  Assets:Cash:Bar        1.20 EUR     
  Income:Bar            -1.20 EUR     

2021-11-07 txn "Sander gave Fearless a gift of €6.00"
  timestamp: "2021-11-07 19:27:08.052764"
  type: "transfer"
  Liabilities:Bar:Members:Sander     6.00 EUR
  Liabilities:Bar:Members:Fearless  -6.00 EUR

2021-11-07 txn "Yvan gave Sander a gift of €8.00"
  timestamp: "2021-11-07 19:27:32.065483"
  type: "transfer"
  Liabilities:Bar:Members:Yvan     8.00 EUR
  Liabilities:Bar:Members:Sander  -8.00 EUR

2021-11-07 txn "qwaxys bought 2 items for €3.50"
  timestamp: "2021-11-07 20:03:18.328733"
  type: "purchase"
  Assets:Inventory:Bar             -1 COKE 
  Liabilities:Bar:Members:Bart      1 COKE 
  Assets:Inventory:Bar             -1 FRITZ
  Liabilities:Bar:Members:Bart      1 FRITZ
  Liabilities:Bar:Members:Bart   3.50 EUR  
  Income:Bar                    -3.50 EUR  

2021-11-07 txn "qwaxys deposited €1.50"
  timestamp: "2021-11-07 20:03:35.172638"
  type: "deposit"
  Liabilities:Bar:Members:Bart  -1.50 EUR
  Assets:Cash:Bar                1.50 EUR

2021-11-07 txn "qwaxys bought 1 items for €2.00"
  timestamp: "2021-11-07 20:15:57.410377"
  type: "purchase"
  Assets:Inventory:Bar             -1 FRITZ
  Liabilities:Bar:Members:Bart      1 FRITZ
  Liabilities:Bar:Members:Bart   2.00 EUR  
  Income:Bar                    -2.00 EUR  

2021-11-07 txn "Ljaytee bought 1 items for €2.00"
  timestamp: "2021-11-07 20:23:09.398953"
  type: "purchase"
  Assets:Inventory:Bar                -1 CMRED
  Liabilities:Bar:Members:Ljaytee      1 CMRED
  Liabilities:Bar:Members:Ljaytee   2.00 EUR  
  Income:Bar                       -2.00 EUR  

2021-11-07 txn "Evils gave Fearless a gift of €9.50"
  timestamp: "2021-11-07 20:23:46.254945"
  type: "transfer"
  Liabilities:Bar:Members:Elvis      9.50 EUR
  Liabilities:Bar:Members:Fearless  -9.50 EUR

2021-11-07 txn "Fearless bought 1 items for €2.50"
  timestamp: "2021-11-07 20:24:31.395228"
  type: "purchase"
  Assets:Inventory:Bar                 -1 MYSTERY
  Liabilities:Bar:Members:Fearless      1 MYSTERY
  Liabilities:Bar:Members:Fearless   2.50 EUR    
  Income:Bar                        -2.50 EUR    

2021-11-07 txn "Ljaytee deposited €25.00"
  timestamp: "2021-11-07 20:55:47.105894"
  type: "deposit"
  Liabilities:Bar:Members:Ljaytee  -25.00 EUR
  Assets:Cash:Bar                   25.00 EUR

2021-11-09 txn "--CASH-- bought 1 items for €1.20"
  timestamp: "2021-11-09 14:57:58.584382"
  type: "purchase"
  Assets:Inventory:Bar     -1 FOOD_CUP
  Assets:Cash:Bar           1 FOOD_CUP
  Assets:Cash:Bar        1.20 EUR     
  Income:Bar            -1.20 EUR     

2021-11-09 txn "Yvan gave --CASH-- a gift of €250.00"
  timestamp: "2021-11-09 15:26:49.745136"
  type: "transfer"
  Liabilities:Bar:Members:Yvan   250.00 EUR
  Assets:Cash:Bar               -250.00 EUR

2021-11-09 txn "Yvan bought 1 items for €1.50"
  timestamp: "2021-11-09 16:43:33.575611"
  type: "purchase"
  Assets:Inventory:Bar             -1 COKE
  Liabilities:Bar:Members:Yvan      1 COKE
  Liabilities:Bar:Members:Yvan   1.50 EUR 
  Income:Bar                    -1.50 EUR 

2021-11-09 txn "--CASH-- bought 1 items for €1.50"
  timestamp: "2021-11-09 17:19:15.647783"
  type: "purchase"
  Assets:Inventory:Bar     -1 JUPILER
  Assets:Cash:Bar           1 JUPILER
  Assets:Cash:Bar        1.50 EUR    
  Income:Bar            -1.50 EUR    

2021-11-09 txn "Fearless bought 1 items for €2.50"
  timestamp: "2021-11-09 17:27:29.054718"
  type: "purchase"
  Assets:Inventory:Bar                 -1 MYSTERY
  Liabilities:Bar:Members:Fearless      1 MYSTERY
  Liabilities:Bar:Members:Fearless   2.50 EUR    
  Income:Bar                        -2.50 EUR    

2021-11-10 txn "Sasja bought 2 items for €2.60"
  timestamp: "2021-11-10 12:27:17.072133"
  type: "purchase"
  Assets:Inventory:Bar              -1 FRITZ   
  Liabilities:Bar:Members:Sasja      1 FRITZ   
  Assets:Inventory:Bar              -1 SNICKERS
  Liabilities:Bar:Members:Sasja      1 SNICKERS
  Liabilities:Bar:Members:Sasja   2.60 EUR     
  Income:Bar                     -2.60 EUR     

2021-11-10 txn "Els gave Sasja a gift of €2.60"
  timestamp: "2021-11-10 12:27:40.940361"
  type: "transfer"
  Liabilities:Bar:Members:Els     2.60 EUR
  Liabilities:Bar:Members:Sasja  -2.60 EUR

2021-11-10 txn "Els bought 2 items for €3.20"
  timestamp: "2021-11-10 13:03:12.995468"
  type: "purchase"
  Assets:Inventory:Bar            -1 FLORA
  Liabilities:Bar:Members:Els      1 FLORA
  Assets:Inventory:Bar            -1 CHIP 
  Liabilities:Bar:Members:Els      1 CHIP 
  Liabilities:Bar:Members:Els   3.20 EUR  
  Income:Bar                   -3.20 EUR  

2021-11-10 txn "Bertrand deposited €20.00"
  timestamp: "2021-11-10 13:03:52.005464"
  type: "deposit"
  Liabilities:Bar:Members:Bertrand  -20.00 EUR
  Assets:Cash:Bar                    20.00 EUR

2021-11-10 txn "Els bought 1 items for €0.60"
  timestamp: "2021-11-10 14:21:50.912855"
  type: "purchase"
  Assets:Inventory:Bar            -1 MARS
  Liabilities:Bar:Members:Els      1 MARS
  Liabilities:Bar:Members:Els   0.60 EUR 
  Income:Bar                   -0.60 EUR 

2021-11-10 txn "Els bought 1 items for €1.50"
  timestamp: "2021-11-10 15:23:00.667056"
  type: "purchase"
  Assets:Inventory:Bar            -1 COKE
  Liabilities:Bar:Members:Els      1 COKE
  Liabilities:Bar:Members:Els   1.50 EUR 
  Income:Bar                   -1.50 EUR 

2021-11-10 txn "Els bought 1 items for €2.00"
  timestamp: "2021-11-10 16:42:51.574744"
  type: "purchase"
  Assets:Inventory:Bar            -1 FRITZ
  Liabilities:Bar:Members:Els      1 FRITZ
  Liabilities:Bar:Members:Els   2.00 EUR  
  Income:Bar                   -2.00 EUR  

2021-11-11 txn "Yvan bought 1 items for €1.50"
  timestamp: "2021-11-11 10:12:39.402684"
  type: "purchase"
  Assets:Inventory:Bar             -1 COKE
  Liabilities:Bar:Members:Yvan      1 COKE
  Liabilities:Bar:Members:Yvan   1.50 EUR 
  Income:Bar                    -1.50 EUR 

2021-11-11 txn "Sander bought 1 items for €1.50"
  timestamp: "2021-11-11 13:51:39.345140"
  type: "purchase"
  Assets:Inventory:Bar               -1 COKE
  Liabilities:Bar:Members:Sander      1 COKE
  Liabilities:Bar:Members:Sander   1.50 EUR 
  Income:Bar                      -1.50 EUR 

2021-11-11 txn "--CASH-- bought 1 items for €1.50"
  timestamp: "2021-11-11 17:50:43.739074"
  type: "purchase"
  Assets:Inventory:Bar     -1 JUPILER
  Assets:Cash:Bar           1 JUPILER
  Assets:Cash:Bar        1.50 EUR    
  Income:Bar            -1.50 EUR    

2021-11-11 txn "Fearless bought 1 items for €2.00"
  timestamp: "2021-11-11 18:29:34.996514"
  type: "purchase"
  Assets:Inventory:Bar                 -1 CIDER
  Liabilities:Bar:Members:Fearless      1 CIDER
  Liabilities:Bar:Members:Fearless   2.00 EUR  
  Income:Bar                        -2.00 EUR  

2021-11-11 txn "Yvan bought 1 items for €1.50"
  timestamp: "2021-11-11 18:33:14.035358"
  type: "purchase"
  Assets:Inventory:Bar             -1 COKE
  Liabilities:Bar:Members:Yvan      1 COKE
  Liabilities:Bar:Members:Yvan   1.50 EUR 
  Income:Bar                    -1.50 EUR 

2021-11-11 txn "Sander bought 1 items for €0.75"
  timestamp: "2021-11-11 18:33:24.414848"
  type: "purchase"
  Assets:Inventory:Bar               -1 WATER
  Liabilities:Bar:Members:Sander      1 WATER
  Liabilities:Bar:Members:Sander   0.75 EUR  
  Income:Bar                      -0.75 EUR  

2021-11-11 txn "--CASH-- bought 2 items for €3.00"
  timestamp: "2021-11-11 18:47:25.655867"
  type: "purchase"
  Assets:Inventory:Bar     -2 JUPILER
  Assets:Cash:Bar           2 JUPILER
  Assets:Cash:Bar        3.00 EUR    
  Income:Bar            -3.00 EUR    

2021-11-11 txn "--CASH-- bought 1 items for €1.50"
  timestamp: "2021-11-11 19:20:16.449172"
  type: "purchase"
  Assets:Inventory:Bar     -1 JUPILER
  Assets:Cash:Bar           1 JUPILER
  Assets:Cash:Bar        1.50 EUR    
  Income:Bar            -1.50 EUR    

2021-11-11 txn "--CASH-- bought 1 items for €1.50"
  timestamp: "2021-11-11 19:20:44.786921"
  type: "purchase"
  Assets:Inventory:Bar     -1 COKE_ZERO
  Assets:Cash:Bar           1 COKE_ZERO
  Assets:Cash:Bar        1.50 EUR      
  Income:Bar            -1.50 EUR      

2021-11-11 txn "Stefaan bought 1 items for €0.60"
  timestamp: "2021-11-11 19:23:29.364517"
  type: "purchase"
  Assets:Inventory:Bar                -1 SNICKERS
  Liabilities:Bar:Members:Stefaan      1 SNICKERS
  Liabilities:Bar:Members:Stefaan   0.60 EUR     
  Income:Bar                       -0.60 EUR     

2021-11-11 txn "Maja deposited €3.00"
  timestamp: "2021-11-11 19:26:08.321350"
  type: "deposit"
  Liabilities:Bar:Members:Maja  -3.00 EUR
  Assets:Cash:Bar                3.00 EUR

2021-11-11 txn "Stefaan bought 1 items for €2.00"
  timestamp: "2021-11-11 19:29:44.058415"
  type: "purchase"
  Assets:Inventory:Bar                -1 FRITZ
  Liabilities:Bar:Members:Stefaan      1 FRITZ
  Liabilities:Bar:Members:Stefaan   2.00 EUR  
  Income:Bar                       -2.00 EUR  

2021-11-11 txn "Stefaan bought 1 items for €0.60"
  timestamp: "2021-11-11 19:44:57.129484"
  type: "purchase"
  Assets:Inventory:Bar                -1 SNICKERS
  Liabilities:Bar:Members:Stefaan      1 SNICKERS
  Liabilities:Bar:Members:Stefaan   0.60 EUR     
  Income:Bar                       -0.60 EUR     

2021-11-11 txn "Stefaan gave TQ a gift of €2.00"
  timestamp: "2021-11-11 19:48:49.586301"
  type: "transfer"
  Liabilities:Bar:Members:Stefaan   2.00 EUR
  Liabilities:Bar:Members:Thequux  -2.00 EUR

2021-11-11 txn "Maja bought 1 items for €0.60"
  timestamp: "2021-11-11 19:54:07.522375"
  type: "purchase"
  Assets:Inventory:Bar             -1 MARS
  Liabilities:Bar:Members:Maja      1 MARS
  Liabilities:Bar:Members:Maja   0.60 EUR 
  Income:Bar                    -0.60 EUR 

2021-11-11 txn "--CASH-- bought 1 items for €1.20"
  timestamp: "2021-11-11 19:58:47.945640"
  type: "purchase"
  Assets:Inventory:Bar     -1 FOOD_CUP
  Assets:Cash:Bar           1 FOOD_CUP
  Assets:Cash:Bar        1.20 EUR     
  Income:Bar            -1.20 EUR     

2021-11-11 txn "Yvan bought 1 items for €1.50"
  timestamp: "2021-11-11 20:00:39.993151"
  type: "purchase"
  Assets:Inventory:Bar             -1 COKE
  Liabilities:Bar:Members:Yvan      1 COKE
  Liabilities:Bar:Members:Yvan   1.50 EUR 
  Income:Bar                    -1.50 EUR 

2021-11-11 txn "Maja bought 1 items for €1.20"
  timestamp: "2021-11-11 20:09:33.657813"
  type: "purchase"
  Assets:Inventory:Bar             -1 FOOD_CUP
  Liabilities:Bar:Members:Maja      1 FOOD_CUP
  Liabilities:Bar:Members:Maja   1.20 EUR     
  Income:Bar                    -1.20 EUR     

2021-11-11 txn "Maja bought 1 items for €1.50"
  timestamp: "2021-11-11 20:45:10.383516"
  type: "purchase"
  Assets:Inventory:Bar             -1 COKE
  Liabilities:Bar:Members:Maja      1 COKE
  Liabilities:Bar:Members:Maja   1.50 EUR 
  Income:Bar                    -1.50 EUR 

2021-11-11 txn "--CASH-- bought 2 items for €2.70"
  timestamp: "2021-11-11 20:53:32.360360"
  type: "purchase"
  Assets:Inventory:Bar     -1 JUPILER 
  Assets:Cash:Bar           1 JUPILER 
  Assets:Inventory:Bar     -1 FOOD_CUP
  Assets:Cash:Bar           1 FOOD_CUP
  Assets:Cash:Bar        2.70 EUR     
  Income:Bar            -2.70 EUR     

2021-11-11 txn "Evils bought 1 items for €2.00"
  timestamp: "2021-11-11 20:55:27.151931"
  type: "purchase"
  Assets:Inventory:Bar              -1 FLORA
  Liabilities:Bar:Members:Elvis      1 FLORA
  Liabilities:Bar:Members:Elvis   2.00 EUR  
  Income:Bar                     -2.00 EUR  

2021-11-11 txn "Carro​armato0 bought 3 items for €4.10"
  timestamp: "2021-11-11 20:55:51.857903"
  type: "purchase"
  Assets:Inventory:Bar                     -1 COKE    
  Liabilities:Bar:Members:Carroarmato0      1 COKE    
  Assets:Inventory:Bar                     -1 VITAMALZ
  Liabilities:Bar:Members:Carroarmato0      1 VITAMALZ
  Assets:Inventory:Bar                     -1 SNICKERS
  Liabilities:Bar:Members:Carroarmato0      1 SNICKERS
  Liabilities:Bar:Members:Carroarmato0   4.10 EUR     
  Income:Bar                            -4.10 EUR     

2021-11-11 txn "Sander bought 1 items for €1.50"
  timestamp: "2021-11-11 21:16:10.860814"
  type: "purchase"
  Assets:Inventory:Bar               -1 COKE
  Liabilities:Bar:Members:Sander      1 COKE
  Liabilities:Bar:Members:Sander   1.50 EUR 
  Income:Bar                      -1.50 EUR 

2021-11-11 txn "Stefaan bought 1 items for €0.60"
  timestamp: "2021-11-11 21:16:34.365565"
  type: "purchase"
  Assets:Inventory:Bar                -1 SNICKERS
  Liabilities:Bar:Members:Stefaan      1 SNICKERS
  Liabilities:Bar:Members:Stefaan   0.60 EUR     
  Income:Bar                       -0.60 EUR     

2021-11-11 txn "--CASH-- bought 2 items for €3.00"
  timestamp: "2021-11-11 21:18:28.351923"
  type: "purchase"
  Assets:Inventory:Bar     -2 JUPILER
  Assets:Cash:Bar           2 JUPILER
  Assets:Cash:Bar        3.00 EUR    
  Income:Bar            -3.00 EUR    

2021-11-11 txn "Carro​armato0 bought 1 items for €35.00"
  timestamp: "2021-11-11 21:20:56.997668"
  type: "purchase"
  Assets:Inventory:Bar                      -1 HOODIE
  Liabilities:Bar:Members:Carroarmato0       1 HOODIE
  Liabilities:Bar:Members:Carroarmato0   35.00 EUR   
  Income:Bar                            -35.00 EUR   

2021-11-11 txn "Carro​armato0 deposited €35.00"
  timestamp: "2021-11-11 21:22:49.981435"
  type: "deposit"
  Liabilities:Bar:Members:Carroarmato0  -35.00 EUR
  Assets:Cash:Bar                        35.00 EUR

2021-11-11 txn "Carro​armato0 bought 2 items for €0.80"
  timestamp: "2021-11-11 21:36:15.639310"
  type: "purchase"
  Assets:Inventory:Bar                     -1 CHUPACHUPS
  Liabilities:Bar:Members:Carroarmato0      1 CHUPACHUPS
  Assets:Inventory:Bar                     -1 SNICKERS  
  Liabilities:Bar:Members:Carroarmato0      1 SNICKERS  
  Liabilities:Bar:Members:Carroarmato0   0.80 EUR       
  Income:Bar                            -0.80 EUR       

2021-11-11 txn "Maja deposited €22.00"
  timestamp: "2021-11-11 21:36:23.334055"
  type: "deposit"
  Liabilities:Bar:Members:Maja  -22.00 EUR
  Assets:Cash:Bar                22.00 EUR

2021-11-11 txn "Maja bought 1 items for €2.00"
  timestamp: "2021-11-11 21:37:19.789460"
  type: "purchase"
  Assets:Inventory:Bar             -1 CM 
  Liabilities:Bar:Members:Maja      1 CM 
  Liabilities:Bar:Members:Maja   2.00 EUR
  Income:Bar                    -2.00 EUR

2021-11-11 txn "--CASH-- bought 1 items for €2.00"
  timestamp: "2021-11-11 21:49:23.720099"
  type: "purchase"
  Assets:Inventory:Bar     -1 CM 
  Assets:Cash:Bar           1 CM 
  Assets:Cash:Bar        2.00 EUR
  Income:Bar            -2.00 EUR

2021-11-11 txn "Stefaan bought 1 items for €0.60"
  timestamp: "2021-11-11 21:54:24.027372"
  type: "purchase"
  Assets:Inventory:Bar                -1 SNICKERS
  Liabilities:Bar:Members:Stefaan      1 SNICKERS
  Liabilities:Bar:Members:Stefaan   0.60 EUR     
  Income:Bar                       -0.60 EUR     

2021-11-11 txn "Yvan bought 1 items for €2.00"
  timestamp: "2021-11-11 22:10:04.492753"
  type: "purchase"
  Assets:Inventory:Bar             -1 FRITZ
  Liabilities:Bar:Members:Yvan      1 FRITZ
  Liabilities:Bar:Members:Yvan   2.00 EUR  
  Income:Bar                    -2.00 EUR  

2021-11-11 txn "Maja bought 2 items for €2.60"
  timestamp: "2021-11-11 22:11:37.646071"
  type: "purchase"
  Assets:Inventory:Bar             -1 MARS
  Liabilities:Bar:Members:Maja      1 MARS
  Assets:Inventory:Bar             -1 CM  
  Liabilities:Bar:Members:Maja      1 CM  
  Liabilities:Bar:Members:Maja   2.60 EUR 
  Income:Bar                    -2.60 EUR 

2021-11-11 txn "Bloemist bought 1 items for €1.50"
  timestamp: "2021-11-11 23:33:55.371914"
  type: "purchase"
  Assets:Inventory:Bar                 -1 JUPILER
  Liabilities:Bar:Members:Bloemist      1 JUPILER
  Liabilities:Bar:Members:Bloemist   1.50 EUR    
  Income:Bar                        -1.50 EUR    

2021-11-11 txn "Merlijn bought 2 items for €4.00"
  timestamp: "2021-11-11 23:34:21.193223"
  type: "purchase"
  Assets:Inventory:Bar                -2 FRITZ
  Liabilities:Bar:Members:Merlijn      2 FRITZ
  Liabilities:Bar:Members:Merlijn   4.00 EUR  
  Income:Bar                       -4.00 EUR  

2021-11-11 txn "Maja bought 1 items for €1.20"
  timestamp: "2021-11-11 23:34:38.096882"
  type: "purchase"
  Assets:Inventory:Bar             -1 FOOD_CUP
  Liabilities:Bar:Members:Maja      1 FOOD_CUP
  Liabilities:Bar:Members:Maja   1.20 EUR     
  Income:Bar                    -1.20 EUR     

2021-11-11 txn "Yvan bought 3 items for €5.00"
  timestamp: "2021-11-11 23:35:31.754549"
  type: "purchase"
  Assets:Inventory:Bar             -1 COKE   
  Liabilities:Bar:Members:Yvan      1 COKE   
  Assets:Inventory:Bar             -1 FRITZ  
  Liabilities:Bar:Members:Yvan      1 FRITZ  
  Assets:Inventory:Bar             -1 JUPILER
  Liabilities:Bar:Members:Yvan      1 JUPILER
  Liabilities:Bar:Members:Yvan   5.00 EUR    
  Income:Bar                    -5.00 EUR    

2021-11-12 txn "Bloemist bought 1 items for €0.60"
  timestamp: "2021-11-12 00:02:40.773377"
  type: "purchase"
  Assets:Inventory:Bar                 -1 MARS
  Liabilities:Bar:Members:Bloemist      1 MARS
  Liabilities:Bar:Members:Bloemist   0.60 EUR 
  Income:Bar                        -0.60 EUR 

2021-11-12 txn "Bloemist bought 1 items for €1.50"
  timestamp: "2021-11-12 00:34:47.845169"
  type: "purchase"
  Assets:Inventory:Bar                 -1 JUPILER
  Liabilities:Bar:Members:Bloemist      1 JUPILER
  Liabilities:Bar:Members:Bloemist   1.50 EUR    
  Income:Bar                        -1.50 EUR    

2021-11-12 txn "Yvan bought 1 items for €2.00"
  timestamp: "2021-11-12 12:42:15.839323"
  type: "purchase"
  Assets:Inventory:Bar             -1 FRITZ
  Liabilities:Bar:Members:Yvan      1 FRITZ
  Liabilities:Bar:Members:Yvan   2.00 EUR  
  Income:Bar                    -2.00 EUR  

2021-11-12 txn "Joris bought 1 items for €1.50"
  timestamp: "2021-11-12 14:04:02.033592"
  type: "purchase"
  Assets:Inventory:Bar              -1 COKE_ZERO
  Liabilities:Bar:Members:Joris      1 COKE_ZERO
  Liabilities:Bar:Members:Joris   1.50 EUR      
  Income:Bar                     -1.50 EUR      

2021-11-13 txn "TQ bought 1 items for €2.00"
  timestamp: "2021-11-13 15:32:36.857603"
  type: "purchase"
  Assets:Inventory:Bar                -1 FRITZ
  Liabilities:Bar:Members:Thequux      1 FRITZ
  Liabilities:Bar:Members:Thequux   2.00 EUR  
  Income:Bar                       -2.00 EUR  

2021-11-13 txn "--CASH-- bought 1 items for €0.60"
  timestamp: "2021-11-13 16:04:44.074230"
  type: "purchase"
  Assets:Inventory:Bar     -1 SNICKERS
  Assets:Cash:Bar           1 SNICKERS
  Assets:Cash:Bar        0.60 EUR     
  Income:Bar            -0.60 EUR     

2021-11-13 txn "--CASH-- bought 1 items for €0.60"
  timestamp: "2021-11-13 16:12:39.897680"
  type: "purchase"
  Assets:Inventory:Bar     -1 SNICKERS
  Assets:Cash:Bar           1 SNICKERS
  Assets:Cash:Bar        0.60 EUR     
  Income:Bar            -0.60 EUR     

2021-11-13 txn "Ljaytee bought 1 items for €2.00"
  timestamp: "2021-11-13 16:16:06.129459"
  type: "purchase"
  Assets:Inventory:Bar                -1 FRITZ
  Liabilities:Bar:Members:Ljaytee      1 FRITZ
  Liabilities:Bar:Members:Ljaytee   2.00 EUR  
  Income:Bar                       -2.00 EUR  

2021-11-13 txn "TQ bought 1 items for €2.00"
  timestamp: "2021-11-13 16:16:34.880001"
  type: "purchase"
  Assets:Inventory:Bar                -1 FLORA
  Liabilities:Bar:Members:Thequux      1 FLORA
  Liabilities:Bar:Members:Thequux   2.00 EUR  
  Income:Bar                       -2.00 EUR  

2021-11-13 txn "Ljaytee bought 2 items for €2.40"
  timestamp: "2021-11-13 17:13:55.713588"
  type: "purchase"
  Assets:Inventory:Bar                -2 FOOD_CUP
  Liabilities:Bar:Members:Ljaytee      2 FOOD_CUP
  Liabilities:Bar:Members:Ljaytee   2.40 EUR     
  Income:Bar                       -2.40 EUR     

2021-11-13 txn "Ljaytee bought 2 items for €3.00"
  timestamp: "2021-11-13 17:17:29.997462"
  type: "purchase"
  Assets:Inventory:Bar                -1 KRIEK
  Liabilities:Bar:Members:Ljaytee      1 KRIEK
  Assets:Inventory:Bar                -1 HG   
  Liabilities:Bar:Members:Ljaytee      1 HG   
  Liabilities:Bar:Members:Ljaytee   3.00 EUR  
  Income:Bar                       -3.00 EUR  

2021-11-13 txn "--CASH-- bought 1 items for €1.20"
  timestamp: "2021-11-13 17:20:51.534385"
  type: "purchase"
  Assets:Inventory:Bar     -1 FOOD_CUP
  Assets:Cash:Bar           1 FOOD_CUP
  Assets:Cash:Bar        1.20 EUR     
  Income:Bar            -1.20 EUR     

2021-11-13 txn "--CASH-- bought 1 items for €0.60"
  timestamp: "2021-11-13 18:04:03.877446"
  type: "purchase"
  Assets:Inventory:Bar     -1 SNICKERS
  Assets:Cash:Bar           1 SNICKERS
  Assets:Cash:Bar        0.60 EUR     
  Income:Bar            -0.60 EUR     

2021-11-14 txn "Sander bought 1 items for €0.60"
  timestamp: "2021-11-14 12:31:39.364877"
  type: "purchase"
  Assets:Inventory:Bar               -1 EXPIRED_DRINK
  Liabilities:Bar:Members:Sander      1 EXPIRED_DRINK
  Liabilities:Bar:Members:Sander   0.60 EUR          
  Income:Bar                      -0.60 EUR          

2021-11-14 txn "Yvan bought 1 items for €2.00"
  timestamp: "2021-11-14 15:16:53.974744"
  type: "purchase"
  Assets:Inventory:Bar             -1 FRITZ
  Liabilities:Bar:Members:Yvan      1 FRITZ
  Liabilities:Bar:Members:Yvan   2.00 EUR  
  Income:Bar                    -2.00 EUR  

2021-11-14 txn "Koen bought 1 items for €1.50"
  timestamp: "2021-11-14 15:35:00.196504"
  type: "purchase"
  Assets:Inventory:Bar             -1 JUPILER
  Liabilities:Bar:Members:Koen      1 JUPILER
  Liabilities:Bar:Members:Koen   1.50 EUR    
  Income:Bar                    -1.50 EUR    

2021-11-14 txn "Koen bought 1 items for €1.50"
  timestamp: "2021-11-14 15:49:41.947043"
  type: "purchase"
  Assets:Inventory:Bar             -1 JUPILER
  Liabilities:Bar:Members:Koen      1 JUPILER
  Liabilities:Bar:Members:Koen   1.50 EUR    
  Income:Bar                    -1.50 EUR    

2021-11-14 txn "Sander bought 1 items for €2.00"
  timestamp: "2021-11-14 15:59:43.585449"
  type: "purchase"
  Assets:Inventory:Bar               -1 FRITZ
  Liabilities:Bar:Members:Sander      1 FRITZ
  Liabilities:Bar:Members:Sander   2.00 EUR  
  Income:Bar                      -2.00 EUR  

2021-11-14 txn "Sander bought 1 items for €1.50"
  timestamp: "2021-11-14 16:47:14.525819"
  type: "purchase"
  Assets:Inventory:Bar               -1 COKE
  Liabilities:Bar:Members:Sander      1 COKE
  Liabilities:Bar:Members:Sander   1.50 EUR 
  Income:Bar                      -1.50 EUR 

2021-11-14 txn "Koen bought 1 items for €1.50"
  timestamp: "2021-11-14 16:56:52.457615"
  type: "purchase"
  Assets:Inventory:Bar             -1 JUPILER
  Liabilities:Bar:Members:Koen      1 JUPILER
  Liabilities:Bar:Members:Koen   1.50 EUR    
  Income:Bar                    -1.50 EUR    

2021-11-14 txn "Yvan bought 1 items for €2.00"
  timestamp: "2021-11-14 17:20:20.787646"
  type: "purchase"
  Assets:Inventory:Bar             -1 FRITZ
  Liabilities:Bar:Members:Yvan      1 FRITZ
  Liabilities:Bar:Members:Yvan   2.00 EUR  
  Income:Bar                    -2.00 EUR  

2021-11-14 txn "TQ bought 1 items for €2.00"
  timestamp: "2021-11-14 17:23:21.145626"
  type: "purchase"
  Assets:Inventory:Bar                -1 FRITZ
  Liabilities:Bar:Members:Thequux      1 FRITZ
  Liabilities:Bar:Members:Thequux   2.00 EUR  
  Income:Bar                       -2.00 EUR  

2021-11-14 txn "Evils gave --CASH-- a gift of €2.00"
  timestamp: "2021-11-14 17:49:07.322879"
  type: "transfer"
  Liabilities:Bar:Members:Elvis   2.00 EUR
  Assets:Cash:Bar                -2.00 EUR

2021-11-14 txn "Merlijn bought 2 items for €3.50"
  timestamp: "2021-11-14 18:37:56.446011"
  type: "purchase"
  Assets:Inventory:Bar                -1 ICETEA_ZERO
  Liabilities:Bar:Members:Merlijn      1 ICETEA_ZERO
  Assets:Inventory:Bar                -1 PIZZA      
  Liabilities:Bar:Members:Merlijn      1 PIZZA      
  Liabilities:Bar:Members:Merlijn   3.50 EUR        
  Income:Bar                       -3.50 EUR        

2021-11-14 txn "Merlijn bought 1 items for €0.60"
  timestamp: "2021-11-14 18:42:49.504433"
  type: "purchase"
  Assets:Inventory:Bar                -1 SNICKERS
  Liabilities:Bar:Members:Merlijn      1 SNICKERS
  Liabilities:Bar:Members:Merlijn   0.60 EUR     
  Income:Bar                       -0.60 EUR     

2021-11-14 txn "TQ bought 1 items for €1.50"
  timestamp: "2021-11-14 18:45:15.355237"
  type: "purchase"
  Assets:Inventory:Bar                -1 HG 
  Liabilities:Bar:Members:Thequux      1 HG 
  Liabilities:Bar:Members:Thequux   1.50 EUR
  Income:Bar                       -1.50 EUR

2021-11-14 txn "Yvan bought 1 items for €2.00"
  timestamp: "2021-11-14 18:55:30.730718"
  type: "purchase"
  Assets:Inventory:Bar             -1 FRITZ
  Liabilities:Bar:Members:Yvan      1 FRITZ
  Liabilities:Bar:Members:Yvan   2.00 EUR  
  Income:Bar                    -2.00 EUR  

2021-11-14 txn "Sander deposited €5.00"
  timestamp: "2021-11-14 19:02:33.725947"
  type: "deposit"
  Liabilities:Bar:Members:Sander  -5.00 EUR
  Assets:Cash:Bar                  5.00 EUR

2021-11-14 txn "Fearless bought 1 items for €0.60"
  timestamp: "2021-11-14 19:03:56.132981"
  type: "purchase"
  Assets:Inventory:Bar                 -1 MARS
  Liabilities:Bar:Members:Fearless      1 MARS
  Liabilities:Bar:Members:Fearless   0.60 EUR 
  Income:Bar                        -0.60 EUR 

2021-11-14 txn "Carro​armato0 bought 2 items for €3.50"
  timestamp: "2021-11-14 19:14:08.889502"
  type: "purchase"
  Assets:Inventory:Bar                     -1 COKE_ZERO
  Liabilities:Bar:Members:Carroarmato0      1 COKE_ZERO
  Assets:Inventory:Bar                     -1 VITAMALZ 
  Liabilities:Bar:Members:Carroarmato0      1 VITAMALZ 
  Liabilities:Bar:Members:Carroarmato0   3.50 EUR      
  Income:Bar                            -3.50 EUR      

2021-11-14 txn "Carro​armato0 bought 1 items for €0.60"
  timestamp: "2021-11-14 19:25:27.629752"
  type: "purchase"
  Assets:Inventory:Bar                     -1 SNICKERS
  Liabilities:Bar:Members:Carroarmato0      1 SNICKERS
  Liabilities:Bar:Members:Carroarmato0   0.60 EUR     
  Income:Bar                            -0.60 EUR     

2021-11-14 txn "Sander bought 1 items for €1.50"
  timestamp: "2021-11-14 20:12:33.073922"
  type: "purchase"
  Assets:Inventory:Bar               -1 JUPILER
  Liabilities:Bar:Members:Sander      1 JUPILER
  Liabilities:Bar:Members:Sander   1.50 EUR    
  Income:Bar                      -1.50 EUR    

2021-11-14 txn "Sander bought 8 items for €12.20"
  timestamp: "2021-11-14 20:15:23.610016"
  type: "purchase"
  Assets:Inventory:Bar                -4 FRITZ  
  Liabilities:Bar:Members:Sander       4 FRITZ  
  Assets:Inventory:Bar                -2 JUPILER
  Liabilities:Bar:Members:Sander       2 JUPILER
  Assets:Inventory:Bar                -2 MARS   
  Liabilities:Bar:Members:Sander       2 MARS   
  Liabilities:Bar:Members:Sander   12.20 EUR    
  Income:Bar                      -12.20 EUR    

2021-11-14 txn "Koen deposited €1.20"
  timestamp: "2021-11-14 20:15:48.716117"
  type: "deposit"
  Liabilities:Bar:Members:Koen  -1.20 EUR
  Assets:Cash:Bar                1.20 EUR

2021-11-14 txn "Sander bought 1 items for €2.50"
  timestamp: "2021-11-14 20:22:25.599721"
  type: "purchase"
  Assets:Inventory:Bar               -1 CHIMAY
  Liabilities:Bar:Members:Sander      1 CHIMAY
  Liabilities:Bar:Members:Sander   2.50 EUR   
  Income:Bar                      -2.50 EUR   

2021-11-14 txn "Sander deposited €20.00"
  timestamp: "2021-11-14 20:22:33.353355"
  type: "deposit"
  Liabilities:Bar:Members:Sander  -20.00 EUR
  Assets:Cash:Bar                  20.00 EUR

2021-11-14 txn "Evils bought 1 items for €1.00"
  timestamp: "2021-11-14 21:23:03.285109"
  type: "purchase"
  Assets:Inventory:Bar                -1 ROM
  Liabilities:Bar:Members:Elvis        1 ROM
  Liabilities:Bar:Members:Elvis     1.00 EUR
  Liabilities:Bar:Members:Thequux  -0.50 EUR
  Income:Bar                       -0.50 EUR

2021-11-14 txn "Bert deposited €20.00"
  timestamp: "2021-11-14 22:18:20.583890"
  type: "deposit"
  Liabilities:Bar:Members:Bert  -20.00 EUR
  Assets:Cash:Bar                20.00 EUR

2021-11-14 txn "--CASH-- bought 1 items for €1.50"
  timestamp: "2021-11-14 22:59:33.549691"
  type: "purchase"
  Assets:Inventory:Bar     -1 COKE_ZERO
  Assets:Cash:Bar           1 COKE_ZERO
  Assets:Cash:Bar        1.50 EUR      
  Income:Bar            -1.50 EUR      

2021-11-15 txn "Yvan bought 1 items for €2.00"
  timestamp: "2021-11-15 08:57:34.575286"
  type: "purchase"
  Assets:Inventory:Bar             -1 FRITZ
  Liabilities:Bar:Members:Yvan      1 FRITZ
  Liabilities:Bar:Members:Yvan   2.00 EUR  
  Income:Bar                    -2.00 EUR  

2021-11-15 txn "TQ bought 1 items for €2.00"
  timestamp: "2021-11-15 10:01:14.462706"
  type: "purchase"
  Assets:Inventory:Bar                -1 FLORA
  Liabilities:Bar:Members:Thequux      1 FLORA
  Liabilities:Bar:Members:Thequux   2.00 EUR  
  Income:Bar                       -2.00 EUR  

2021-11-15 txn "Yvan bought 2 items for €2.60"
  timestamp: "2021-11-15 12:52:30.573476"
  type: "purchase"
  Assets:Inventory:Bar             -1 FRITZ
  Liabilities:Bar:Members:Yvan      1 FRITZ
  Assets:Inventory:Bar             -1 MARS 
  Liabilities:Bar:Members:Yvan      1 MARS 
  Liabilities:Bar:Members:Yvan   2.60 EUR  
  Income:Bar                    -2.60 EUR  

2021-11-15 txn "TQ bought 2 items for €1.20"
  timestamp: "2021-11-15 14:33:38.153622"
  type: "purchase"
  Assets:Inventory:Bar                -1 MARS    
  Liabilities:Bar:Members:Thequux      1 MARS    
  Assets:Inventory:Bar                -1 SNICKERS
  Liabilities:Bar:Members:Thequux      1 SNICKERS
  Liabilities:Bar:Members:Thequux   1.20 EUR     
  Income:Bar                       -1.20 EUR     

2021-11-15 txn "Sander bought 1 items for €2.00"
  timestamp: "2021-11-15 18:02:17.538173"
  type: "purchase"
  Assets:Inventory:Bar               -1 FRITZ
  Liabilities:Bar:Members:Sander      1 FRITZ
  Liabilities:Bar:Members:Sander   2.00 EUR  
  Income:Bar                      -2.00 EUR  

2021-11-15 txn "Sander bought 1 items for €0.75"
  timestamp: "2021-11-15 18:15:33.361555"
  type: "purchase"
  Assets:Inventory:Bar               -1 WATER
  Liabilities:Bar:Members:Sander      1 WATER
  Liabilities:Bar:Members:Sander   0.75 EUR  
  Income:Bar                      -0.75 EUR  

2021-11-17 txn "Yvan bought 1 items for €2.00"
  timestamp: "2021-11-17 08:51:40.362661"
  type: "purchase"
  Assets:Inventory:Bar             -1 FRITZ
  Liabilities:Bar:Members:Yvan      1 FRITZ
  Liabilities:Bar:Members:Yvan   2.00 EUR  
  Income:Bar                    -2.00 EUR  

2021-11-17 txn "TQ bought 1 items for €2.00"
  timestamp: "2021-11-17 10:18:18.923463"
  type: "purchase"
  Assets:Inventory:Bar                -1 FRITZ
  Liabilities:Bar:Members:Thequux      1 FRITZ
  Liabilities:Bar:Members:Thequux   2.00 EUR  
  Income:Bar                       -2.00 EUR  

2021-11-17 txn "Yvan bought 1 items for €2.00"
  timestamp: "2021-11-17 11:33:02.375340"
  type: "purchase"
  Assets:Inventory:Bar             -1 FRITZ
  Liabilities:Bar:Members:Yvan      1 FRITZ
  Liabilities:Bar:Members:Yvan   2.00 EUR  
  Income:Bar                    -2.00 EUR  

2021-11-17 txn "Yvan bought 2 items for €2.60"
  timestamp: "2021-11-17 15:40:38.865792"
  type: "purchase"
  Assets:Inventory:Bar             -1 FRITZ   
  Liabilities:Bar:Members:Yvan      1 FRITZ   
  Assets:Inventory:Bar             -1 SNICKERS
  Liabilities:Bar:Members:Yvan      1 SNICKERS
  Liabilities:Bar:Members:Yvan   2.60 EUR     
  Income:Bar                    -2.60 EUR     

2021-11-18 txn "Yvan bought 1 items for €2.00"
  timestamp: "2021-11-18 08:05:52.449705"
  type: "purchase"
  Assets:Inventory:Bar             -1 FRITZ
  Liabilities:Bar:Members:Yvan      1 FRITZ
  Liabilities:Bar:Members:Yvan   2.00 EUR  
  Income:Bar                    -2.00 EUR  

2021-11-18 txn "TQ bought 1 items for €2.00"
  timestamp: "2021-11-18 10:34:34.867100"
  type: "purchase"
  Assets:Inventory:Bar                -1 FRITZ
  Liabilities:Bar:Members:Thequux      1 FRITZ
  Liabilities:Bar:Members:Thequux   2.00 EUR  
  Income:Bar                       -2.00 EUR  

2021-11-18 txn "Yvan bought 1 items for €2.00"
  timestamp: "2021-11-18 11:26:36.545680"
  type: "purchase"
  Assets:Inventory:Bar             -1 FRITZ
  Liabilities:Bar:Members:Yvan      1 FRITZ
  Liabilities:Bar:Members:Yvan   2.00 EUR  
  Income:Bar                    -2.00 EUR  

2021-11-18 txn "TQ bought 1 items for €2.00"
  timestamp: "2021-11-18 15:00:11.633013"
  type: "purchase"
  Assets:Inventory:Bar                -1 FRITZ
  Liabilities:Bar:Members:Thequux      1 FRITZ
  Liabilities:Bar:Members:Thequux   2.00 EUR  
  Income:Bar                       -2.00 EUR  

2021-11-18 txn "--CASH-- bought 1 items for €1.50"
  timestamp: "2021-11-18 16:16:37.395151"
  type: "purchase"
  Assets:Inventory:Bar     -1 JUPILER
  Assets:Cash:Bar           1 JUPILER
  Assets:Cash:Bar        1.50 EUR    
  Income:Bar            -1.50 EUR    

2021-11-18 txn "Yvan bought 1 items for €1.50"
  timestamp: "2021-11-18 16:24:25.661468"
  type: "purchase"
  Assets:Inventory:Bar             -1 ICETEA
  Liabilities:Bar:Members:Yvan      1 ICETEA
  Liabilities:Bar:Members:Yvan   1.50 EUR   
  Income:Bar                    -1.50 EUR   

2021-11-18 txn "--CASH-- bought 2 items for €1.95"
  timestamp: "2021-11-18 16:43:35.389538"
  type: "purchase"
  Assets:Inventory:Bar     -1 FOOD_CUP
  Assets:Cash:Bar           1 FOOD_CUP
  Assets:Inventory:Bar     -1 WATER   
  Assets:Cash:Bar           1 WATER   
  Assets:Cash:Bar        1.95 EUR     
  Income:Bar            -1.95 EUR     

2021-11-18 txn "Sander bought 1 items for €0.75"
  timestamp: "2021-11-18 16:58:48.675423"
  type: "purchase"
  Assets:Inventory:Bar               -1 WATER
  Liabilities:Bar:Members:Sander      1 WATER
  Liabilities:Bar:Members:Sander   0.75 EUR  
  Income:Bar                      -0.75 EUR  

2021-11-18 txn "--CASH-- bought 1 items for €1.50"
  timestamp: "2021-11-18 17:06:55.664301"
  type: "purchase"
  Assets:Inventory:Bar     -1 COKE_ZERO
  Assets:Cash:Bar           1 COKE_ZERO
  Assets:Cash:Bar        1.50 EUR      
  Income:Bar            -1.50 EUR      

2021-11-18 txn "Merlijn bought 1 items for €2.00"
  timestamp: "2021-11-18 18:06:13.484119"
  type: "purchase"
  Assets:Inventory:Bar                -1 FRITZ
  Liabilities:Bar:Members:Merlijn      1 FRITZ
  Liabilities:Bar:Members:Merlijn   2.00 EUR  
  Income:Bar                       -2.00 EUR  

2021-11-18 txn "Yvan bought 1 items for €1.50"
  timestamp: "2021-11-18 18:12:06.561824"
  type: "purchase"
  Assets:Inventory:Bar             -1 ICETEA
  Liabilities:Bar:Members:Yvan      1 ICETEA
  Liabilities:Bar:Members:Yvan   1.50 EUR   
  Income:Bar                    -1.50 EUR   

2021-11-18 txn "Sander bought 1 items for €1.50"
  timestamp: "2021-11-18 18:32:41.443756"
  type: "purchase"
  Assets:Inventory:Bar               -1 COKE
  Liabilities:Bar:Members:Sander      1 COKE
  Liabilities:Bar:Members:Sander   1.50 EUR 
  Income:Bar                      -1.50 EUR 

2021-11-18 txn "--CASH-- bought 1 items for €1.50"
  timestamp: "2021-11-18 18:49:36.199785"
  type: "purchase"
  Assets:Inventory:Bar     -1 COKE_ZERO
  Assets:Cash:Bar           1 COKE_ZERO
  Assets:Cash:Bar        1.50 EUR      
  Income:Bar            -1.50 EUR      

2021-11-18 txn "Bloemist bought 1 items for €1.50"
  timestamp: "2021-11-18 18:55:19.737148"
  type: "purchase"
  Assets:Inventory:Bar                 -1 JUPILER
  Liabilities:Bar:Members:Bloemist      1 JUPILER
  Liabilities:Bar:Members:Bloemist   1.50 EUR    
  Income:Bar                        -1.50 EUR    

2021-11-18 txn "Carro​armato0 bought 2 items for €2.60"
  timestamp: "2021-11-18 18:56:48.215027"
  type: "purchase"
  Assets:Inventory:Bar                     -1 VITAMALZ
  Liabilities:Bar:Members:Carroarmato0      1 VITAMALZ
  Assets:Inventory:Bar                     -1 SNICKERS
  Liabilities:Bar:Members:Carroarmato0      1 SNICKERS
  Liabilities:Bar:Members:Carroarmato0   2.60 EUR     
  Income:Bar                            -2.60 EUR     

2021-11-18 txn "Sasja bought 1 items for €1.50"
  timestamp: "2021-11-18 19:12:50.357124"
  type: "purchase"
  Assets:Inventory:Bar              -1 JUPILER
  Liabilities:Bar:Members:Sasja      1 JUPILER
  Liabilities:Bar:Members:Sasja   1.50 EUR    
  Income:Bar                     -1.50 EUR    

2021-11-18 txn "Sonckie bought 1 items for €0.60"
  timestamp: "2021-11-18 20:00:10.034356"
  type: "purchase"
  Assets:Inventory:Bar                -1 SNICKERS
  Liabilities:Bar:Members:Sonckie      1 SNICKERS
  Liabilities:Bar:Members:Sonckie   0.60 EUR     
  Income:Bar                       -0.60 EUR     

2021-11-18 txn "Maja bought 2 items for €3.20"
  timestamp: "2021-11-18 20:04:27.079586"
  type: "purchase"
  Assets:Inventory:Bar             -1 FOOD_CUP
  Liabilities:Bar:Members:Maja      1 FOOD_CUP
  Assets:Inventory:Bar             -1 CM      
  Liabilities:Bar:Members:Maja      1 CM      
  Liabilities:Bar:Members:Maja   3.20 EUR     
  Income:Bar                    -3.20 EUR     

2021-11-18 txn "Maja bought 1 items for €0.60"
  timestamp: "2021-11-18 20:30:24.105230"
  type: "purchase"
  Assets:Inventory:Bar             -1 MARS
  Liabilities:Bar:Members:Maja      1 MARS
  Liabilities:Bar:Members:Maja   0.60 EUR 
  Income:Bar                    -0.60 EUR 

2021-11-18 txn "Maja bought 1 items for €1.50"
  timestamp: "2021-11-18 20:30:52.712798"
  type: "purchase"
  Assets:Inventory:Bar             -1 ICETEA
  Liabilities:Bar:Members:Maja      1 ICETEA
  Liabilities:Bar:Members:Maja   1.50 EUR   
  Income:Bar                    -1.50 EUR   

2021-11-18 txn "Sasja bought 2 items for €36.50"
  timestamp: "2021-11-18 20:55:53.455197"
  type: "purchase"
  Assets:Inventory:Bar               -1 HOODIE 
  Liabilities:Bar:Members:Sasja       1 HOODIE 
  Assets:Inventory:Bar               -1 JUPILER
  Liabilities:Bar:Members:Sasja       1 JUPILER
  Liabilities:Bar:Members:Sasja   36.50 EUR    
  Income:Bar                     -36.50 EUR    

2021-11-18 txn "Miker bought 1 items for €1.50"
  timestamp: "2021-11-18 20:57:18.275772"
  type: "purchase"
  Assets:Inventory:Bar              -1 COKE
  Liabilities:Bar:Members:Miker      1 COKE
  Liabilities:Bar:Members:Miker   1.50 EUR 
  Income:Bar                     -1.50 EUR 

2021-11-18 txn "Sasja deposited €50.00"
  timestamp: "2021-11-18 20:57:45.001421"
  type: "deposit"
  Liabilities:Bar:Members:Sasja  -50.00 EUR
  Assets:Cash:Bar                 50.00 EUR

2021-11-18 txn "Sasja bought 1 items for €0.60"
  timestamp: "2021-11-18 20:58:25.069448"
  type: "purchase"
  Assets:Inventory:Bar              -1 SNICKERS
  Liabilities:Bar:Members:Sasja      1 SNICKERS
  Liabilities:Bar:Members:Sasja   0.60 EUR     
  Income:Bar                     -0.60 EUR     

2021-11-18 txn "Sasja bought 1 items for €1.50"
  timestamp: "2021-11-18 21:00:44.433008"
  type: "purchase"
  Assets:Inventory:Bar              -1 JUPILER
  Liabilities:Bar:Members:Sasja      1 JUPILER
  Liabilities:Bar:Members:Sasja   1.50 EUR    
  Income:Bar                     -1.50 EUR    

2021-11-18 txn "Yvan bought 1 items for €1.50"
  timestamp: "2021-11-18 21:07:21.577433"
  type: "purchase"
  Assets:Inventory:Bar             -1 ICETEA
  Liabilities:Bar:Members:Yvan      1 ICETEA
  Liabilities:Bar:Members:Yvan   1.50 EUR   
  Income:Bar                    -1.50 EUR   

2021-11-18 txn "--CASH-- bought 1 items for €1.50"
  timestamp: "2021-11-18 21:10:28.598973"
  type: "purchase"
  Assets:Inventory:Bar     -1 FANTA
  Assets:Cash:Bar           1 FANTA
  Assets:Cash:Bar        1.50 EUR  
  Income:Bar            -1.50 EUR  

2021-11-18 txn "Merlijn bought 1 items for €1.00"
  timestamp: "2021-11-18 21:12:14.617510"
  type: "purchase"
  Assets:Inventory:Bar                -1 ROM
  Liabilities:Bar:Members:Merlijn      1 ROM
  Liabilities:Bar:Members:Merlijn   1.00 EUR
  Liabilities:Bar:Members:Thequux  -0.50 EUR
  Income:Bar                       -0.50 EUR

2021-11-18 txn "Maja bought 1 items for €2.00"
  timestamp: "2021-11-18 21:16:25.674783"
  type: "purchase"
  Assets:Inventory:Bar             -1 FRITZ
  Liabilities:Bar:Members:Maja      1 FRITZ
