2019-01-10 txn "qwaxys bought 1 items for €2.00"
  timestamp: "2019-01-10 16:51:21.397557"
  type: "purchase"
  Assets:Inventory:Bar             -1 FRITZ
  Liabilities:Bar:Members:Bart      1 FRITZ
  Liabilities:Bar:Members:Bart   2.00 EUR  
  Income:Bar                    -2.00 EUR  

2019-01-10 txn "Koen bought 1 items for €1.50"
  timestamp: "2019-01-10 16:53:25.653171"
  type: "purchase"
  Assets:Inventory:Bar             -1 JUPILER
  Liabilities:Bar:Members:Koen      1 JUPILER
  Liabilities:Bar:Members:Koen   1.50 EUR    
  Income:Bar                    -1.50 EUR    

2019-01-10 txn "Koen bought 1 items for €1.50"
  timestamp: "2019-01-10 17:07:40.507007"
  type: "purchase"
  Assets:Inventory:Bar             -1 JUPILER
  Liabilities:Bar:Members:Koen      1 JUPILER
  Liabilities:Bar:Members:Koen   1.50 EUR    
  Income:Bar                    -1.50 EUR    

2019-01-10 txn "Thomas bought 1 items for €1.50"
  timestamp: "2019-01-10 18:11:55.124822"
  type: "purchase"
  Assets:Inventory:Bar               -1 SCHWEPPES
  Liabilities:Bar:Members:Thomas      1 SCHWEPPES
  Liabilities:Bar:Members:Thomas   1.50 EUR      
  Income:Bar                      -1.50 EUR      

2019-01-10 txn "Thomas deposited €20.00"
  timestamp: "2019-01-10 18:12:08.928794"
  type: "deposit"
  Liabilities:Bar:Members:Thomas  -20.00 EUR
  Assets:Cash:Bar                  20.00 EUR

2019-01-10 txn "Evils bought 1 items for €1.50"
  timestamp: "2019-01-10 18:20:17.804136"
  type: "purchase"
  Assets:Inventory:Bar              -1 SCHWEPPES
  Liabilities:Bar:Members:Elvis      1 SCHWEPPES
  Liabilities:Bar:Members:Elvis   1.50 EUR      
  Income:Bar                     -1.50 EUR      

2019-01-10 txn "Koen bought 1 items for €1.50"
  timestamp: "2019-01-10 18:20:57.001927"
  type: "purchase"
  Assets:Inventory:Bar             -1 JUPILER
  Liabilities:Bar:Members:Koen      1 JUPILER
  Liabilities:Bar:Members:Koen   1.50 EUR    
  Income:Bar                    -1.50 EUR    

2019-01-10 txn "Folkaholic deposited €10.00"
  timestamp: "2019-01-10 18:31:11.367293"
  type: "deposit"
  Liabilities:Bar:Members:Folkaholic  -10.00 EUR
  Assets:Cash:Bar                      10.00 EUR

2019-01-10 txn "Folkaholic bought 1 items for €2.00"
  timestamp: "2019-01-10 18:31:59.991520"
  type: "purchase"
  Assets:Inventory:Bar                   -1 CMRED
  Liabilities:Bar:Members:Folkaholic      1 CMRED
  Liabilities:Bar:Members:Folkaholic   2.00 EUR  
  Income:Bar                          -2.00 EUR  

2019-01-10 txn "qwaxys bought 1 items for €2.00"
  timestamp: "2019-01-10 18:54:33.668263"
  type: "purchase"
  Assets:Inventory:Bar             -1 FRITZ
  Liabilities:Bar:Members:Bart      1 FRITZ
  Liabilities:Bar:Members:Bart   2.00 EUR  
  Income:Bar                    -2.00 EUR  

2019-01-10 txn "Koen bought 1 items for €1.50"
  timestamp: "2019-01-10 18:55:18.254708"
  type: "purchase"
  Assets:Inventory:Bar             -1 JUPILER
  Liabilities:Bar:Members:Koen      1 JUPILER
  Liabilities:Bar:Members:Koen   1.50 EUR    
  Income:Bar                    -1.50 EUR    

2019-01-10 txn "Joris bought 2 items for €4.60"
  timestamp: "2019-01-10 19:22:19.697611"
  type: "purchase"
  Assets:Inventory:Bar              -1 CHIMAY
  Liabilities:Bar:Members:Joris      1 CHIMAY
  Assets:Inventory:Bar              -1 KITKAT
  Liabilities:Bar:Members:Joris      1 KITKAT
  Liabilities:Bar:Members:Joris   4.60 EUR   
  Income:Bar                     -4.60 EUR   

2019-01-10 txn "Joris deposited €46.79"
  timestamp: "2019-01-10 19:26:05.590781"
  type: "deposit"
  Liabilities:Bar:Members:Joris  -46.79 EUR
  Assets:Cash:Bar                 46.79 EUR

2019-01-10 txn "--CASH-- deposited €3.21"
  timestamp: "2019-01-10 19:26:20.532838"
  type: "deposit"
  Assets:Cash:Bar  -3.21 EUR
  Assets:Cash:Bar   3.21 EUR

2019-01-10 txn "Thomas bought 2 items for €5.50"
  timestamp: "2019-01-10 19:34:02.256098"
  type: "purchase"
  Assets:Inventory:Bar               -1 JUPILER
  Liabilities:Bar:Members:Thomas      1 JUPILER
  Assets:Inventory:Bar               -1 CHIMAY 
  Liabilities:Bar:Members:Thomas      1 CHIMAY 
  Liabilities:Bar:Members:Thomas   5.50 EUR    
  Income:Bar                      -5.50 EUR    

2019-01-10 txn "Stefaan bought 2 items for €2.10"
  timestamp: "2019-01-10 19:37:34.396006"
  type: "purchase"
  Assets:Inventory:Bar                -1 FANTA
  Liabilities:Bar:Members:Stefaan      1 FANTA
  Assets:Inventory:Bar                -1 MNM  
  Liabilities:Bar:Members:Stefaan      1 MNM  
  Liabilities:Bar:Members:Stefaan   2.10 EUR  
  Income:Bar                       -2.10 EUR  

2019-01-10 txn "Joren bought 1 items for €2.50"
  timestamp: "2019-01-10 19:40:05.616970"
  type: "purchase"
  Assets:Inventory:Bar              -1 DUVEL
  Liabilities:Bar:Members:Joren      1 DUVEL
  Liabilities:Bar:Members:Joren   2.50 EUR  
  Income:Bar                     -2.50 EUR  

2019-01-10 txn "Sasja bought 2 items for €3.00"
  timestamp: "2019-01-10 19:43:20.126795"
  type: "purchase"
  Assets:Inventory:Bar              -2 JUPILER
  Liabilities:Bar:Members:Sasja      2 JUPILER
  Liabilities:Bar:Members:Sasja   3.00 EUR    
  Income:Bar                     -3.00 EUR    

2019-01-10 txn "TQ bought 1 items for €2.00"
  timestamp: "2019-01-10 19:51:01.382936"
  type: "purchase"
  Assets:Inventory:Bar                -1 WINTER_MATE
  Liabilities:Bar:Members:Thequux      1 WINTER_MATE
  Liabilities:Bar:Members:Thequux   2.00 EUR        
  Income:Bar                       -2.00 EUR        

2019-01-10 txn "On8wr deposited €20.00"
  timestamp: "2019-01-10 19:54:53.058754"
  type: "deposit"
  Liabilities:Bar:Members:On8wr  -20.00 EUR
  Assets:Cash:Bar                 20.00 EUR

2019-01-10 txn "On8wr bought 1 items for €2.00"
  timestamp: "2019-01-10 19:55:17.124770"
  type: "purchase"
  Assets:Inventory:Bar              -1 CM 
  Liabilities:Bar:Members:On8wr      1 CM 
  Liabilities:Bar:Members:On8wr   2.00 EUR
  Income:Bar                     -2.00 EUR

2019-01-10 txn "Ruben bought 1 items for €2.00"
  timestamp: "2019-01-10 19:55:25.639615"
  type: "purchase"
  Assets:Inventory:Bar              -1 CM 
  Liabilities:Bar:Members:Ruben      1 CM 
  Liabilities:Bar:Members:Ruben   2.00 EUR
  Income:Bar                     -2.00 EUR

2019-01-10 txn "Stefaan bought 1 items for €0.60"
  timestamp: "2019-01-10 19:59:57.389703"
  type: "purchase"
  Assets:Inventory:Bar                -1 ROLO
  Liabilities:Bar:Members:Stefaan      1 ROLO
  Liabilities:Bar:Members:Stefaan   0.60 EUR 
  Income:Bar                       -0.60 EUR 

2019-01-10 txn "Thomas bought 2 items for €5.50"
  timestamp: "2019-01-10 20:01:17.860909"
  type: "purchase"
  Assets:Inventory:Bar               -1 CHIMAY 
  Liabilities:Bar:Members:Thomas      1 CHIMAY 
  Assets:Inventory:Bar               -1 JUPILER
  Liabilities:Bar:Members:Thomas      1 JUPILER
  Liabilities:Bar:Members:Thomas   5.50 EUR    
  Income:Bar                      -5.50 EUR    

2019-01-10 txn "Joris bought 1 items for €0.60"
  timestamp: "2019-01-10 20:10:11.712923"
  type: "purchase"
  Assets:Inventory:Bar              -1 SNICKERS
  Liabilities:Bar:Members:Joris      1 SNICKERS
  Liabilities:Bar:Members:Joris   0.60 EUR     
  Income:Bar                     -0.60 EUR     

2019-01-10 txn "Koen bought 1 items for €1.50"
  timestamp: "2019-01-10 20:10:45.559883"
  type: "purchase"
  Assets:Inventory:Bar             -1 JUPILER
  Liabilities:Bar:Members:Koen      1 JUPILER
  Liabilities:Bar:Members:Koen   1.50 EUR    
  Income:Bar                    -1.50 EUR    

2019-01-10 txn "Evils bought 1 items for €1.50"
  timestamp: "2019-01-10 20:16:48.563857"
  type: "purchase"
  Assets:Inventory:Bar              -1 ICETEA
  Liabilities:Bar:Members:Elvis      1 ICETEA
  Liabilities:Bar:Members:Elvis   1.50 EUR   
  Income:Bar                     -1.50 EUR   

2019-01-10 txn "Bloemist bought 1 items for €1.50"
  timestamp: "2019-01-10 20:17:34.795629"
  type: "purchase"
  Assets:Inventory:Bar                 -1 JUPILER
  Liabilities:Bar:Members:Bloemist      1 JUPILER
  Liabilities:Bar:Members:Bloemist   1.50 EUR    
  Income:Bar                        -1.50 EUR    

2019-01-10 txn "--CASH-- bought 1 items for €2.00"
  timestamp: "2019-01-10 20:19:15.030591"
  type: "purchase"
  Assets:Inventory:Bar     -1 CM 
  Assets:Cash:Bar           1 CM 
  Assets:Cash:Bar        2.00 EUR
  Income:Bar            -2.00 EUR

2019-01-10 txn "--CASH-- bought 1 items for €2.00"
  timestamp: "2019-01-10 20:26:37.473830"
  type: "purchase"
  Assets:Inventory:Bar     -1 CMCOLA
  Assets:Cash:Bar           1 CMCOLA
  Assets:Cash:Bar        2.00 EUR   
  Income:Bar            -2.00 EUR   

2019-01-10 txn "Thomas bought 2 items for €2.60"
  timestamp: "2019-01-10 20:30:48.092371"
  type: "purchase"
  Assets:Inventory:Bar               -1 FRITZ
  Liabilities:Bar:Members:Thomas      1 FRITZ
  Assets:Inventory:Bar               -1 CHIP 
  Liabilities:Bar:Members:Thomas      1 CHIP 
  Liabilities:Bar:Members:Thomas   2.60 EUR  
  Income:Bar                      -2.60 EUR  

2019-01-10 txn "Joren bought 1 items for €2.50"
  timestamp: "2019-01-10 20:34:34.654589"
  type: "purchase"
  Assets:Inventory:Bar              -1 DUVEL
  Liabilities:Bar:Members:Joren      1 DUVEL
  Liabilities:Bar:Members:Joren   2.50 EUR  
  Income:Bar                     -2.50 EUR  

2019-01-10 txn "Bloemist bought 1 items for €1.50"
  timestamp: "2019-01-10 20:44:36.260184"
  type: "purchase"
  Assets:Inventory:Bar                 -1 JUPILER
  Liabilities:Bar:Members:Bloemist      1 JUPILER
  Liabilities:Bar:Members:Bloemist   1.50 EUR    
  Income:Bar                        -1.50 EUR    

2019-01-10 txn "Koen bought 1 items for €1.50"
  timestamp: "2019-01-10 21:03:59.127714"
  type: "purchase"
  Assets:Inventory:Bar             -1 JUPILER
  Liabilities:Bar:Members:Koen      1 JUPILER
  Liabilities:Bar:Members:Koen   1.50 EUR    
  Income:Bar                    -1.50 EUR    

2019-01-10 txn "Sasja bought 2 items for €3.00"
  timestamp: "2019-01-10 21:04:37.527290"
  type: "purchase"
  Assets:Inventory:Bar              -2 JUPILER
  Liabilities:Bar:Members:Sasja      2 JUPILER
  Liabilities:Bar:Members:Sasja   3.00 EUR    
  Income:Bar                     -3.00 EUR    

2019-01-10 txn "Evils bought 1 items for €2.00"
  timestamp: "2019-01-10 21:06:02.077092"
  type: "purchase"
  Assets:Inventory:Bar              -1 VITAMALZ
  Liabilities:Bar:Members:Elvis      1 VITAMALZ
  Liabilities:Bar:Members:Elvis   2.00 EUR     
  Income:Bar                     -2.00 EUR     

2019-01-10 txn "TQ bought 2 items for €3.50"
  timestamp: "2019-01-10 21:10:33.626890"
  type: "purchase"
  Assets:Inventory:Bar                -1 JUPILER
  Liabilities:Bar:Members:Thequux      1 JUPILER
  Assets:Inventory:Bar                -1 FRITZ  
  Liabilities:Bar:Members:Thequux      1 FRITZ  
  Liabilities:Bar:Members:Thequux   3.50 EUR    
  Income:Bar                       -3.50 EUR    

2019-01-10 txn "Thomas bought 2 items for €2.60"
  timestamp: "2019-01-10 21:14:00.796292"
  type: "purchase"
  Assets:Inventory:Bar               -1 FRITZ
  Liabilities:Bar:Members:Thomas      1 FRITZ
  Assets:Inventory:Bar               -1 CHIP 
  Liabilities:Bar:Members:Thomas      1 CHIP 
  Liabilities:Bar:Members:Thomas   2.60 EUR  
  Income:Bar                      -2.60 EUR  

2019-01-10 txn "Joris bought 2 items for €2.10"
  timestamp: "2019-01-10 21:14:23.221103"
  type: "purchase"
  Assets:Inventory:Bar              -1 CHIP   
  Liabilities:Bar:Members:Joris      1 CHIP   
  Assets:Inventory:Bar              -1 JUPILER
  Liabilities:Bar:Members:Joris      1 JUPILER
  Liabilities:Bar:Members:Joris   2.10 EUR    
  Income:Bar                     -2.10 EUR    

2019-01-10 txn "Thomas bought 1 items for €1.50"
  timestamp: "2019-01-10 21:37:18.843809"
  type: "purchase"
  Assets:Inventory:Bar               -1 JUPILER
  Liabilities:Bar:Members:Thomas      1 JUPILER
  Liabilities:Bar:Members:Thomas   1.50 EUR    
  Income:Bar                      -1.50 EUR    

2019-01-10 txn "--CASH-- bought 1 items for €1.50"
  timestamp: "2019-01-10 21:49:05.210824"
  type: "purchase"
  Assets:Inventory:Bar     -1 JUPILER
  Assets:Cash:Bar           1 JUPILER
  Assets:Cash:Bar        1.50 EUR    
  Income:Bar            -1.50 EUR    

2019-01-10 txn "Koen bought 1 items for €1.50"
  timestamp: "2019-01-10 21:52:02.159996"
  type: "purchase"
  Assets:Inventory:Bar             -1 JUPILER
  Liabilities:Bar:Members:Koen      1 JUPILER
  Liabilities:Bar:Members:Koen   1.50 EUR    
  Income:Bar                    -1.50 EUR    

2019-01-10 txn "Evils bought 1 items for €0.60"
  timestamp: "2019-01-10 22:02:49.696367"
  type: "purchase"
  Assets:Inventory:Bar              -1 TWIX
  Liabilities:Bar:Members:Elvis      1 TWIX
  Liabilities:Bar:Members:Elvis   0.60 EUR 
  Income:Bar                     -0.60 EUR 

2019-01-10 txn "Bloemist bought 1 items for €0.60"
  timestamp: "2019-01-10 22:20:07.130753"
  type: "purchase"
  Assets:Inventory:Bar                 -1 CHIP
  Liabilities:Bar:Members:Bloemist      1 CHIP
  Liabilities:Bar:Members:Bloemist   0.60 EUR 
  Income:Bar                        -0.60 EUR 

2019-01-10 txn "Koen bought 1 items for €0.60"
  timestamp: "2019-01-10 22:20:52.518037"
  type: "purchase"
  Assets:Inventory:Bar             -1 ROLO
  Liabilities:Bar:Members:Koen      1 ROLO
  Liabilities:Bar:Members:Koen   0.60 EUR 
  Income:Bar                    -0.60 EUR 

2019-01-10 txn "Sasja bought 1 items for €0.60"
  timestamp: "2019-01-10 22:22:50.350187"
  type: "purchase"
  Assets:Inventory:Bar              -1 CHIP
  Liabilities:Bar:Members:Sasja      1 CHIP
  Liabilities:Bar:Members:Sasja   0.60 EUR 
  Income:Bar                     -0.60 EUR 

2019-01-10 txn "Koen bought 1 items for €1.50"
  timestamp: "2019-01-10 22:35:18.737727"
  type: "purchase"
  Assets:Inventory:Bar             -1 JUPILER
  Liabilities:Bar:Members:Koen      1 JUPILER
  Liabilities:Bar:Members:Koen   1.50 EUR    
  Income:Bar                    -1.50 EUR    

2019-01-10 txn "TQ bought 1 items for €1.50"
  timestamp: "2019-01-10 23:27:47.179995"
  type: "purchase"
  Assets:Inventory:Bar                -1 JUPILER
  Liabilities:Bar:Members:Thequux      1 JUPILER
  Liabilities:Bar:Members:Thequux   1.50 EUR    
  Income:Bar                       -1.50 EUR    

2019-01-11 txn "Bloemist bought 1 items for €1.50"
  timestamp: "2019-01-11 00:04:15.539358"
  type: "purchase"
  Assets:Inventory:Bar                 -1 JUPILER
  Liabilities:Bar:Members:Bloemist      1 JUPILER
  Liabilities:Bar:Members:Bloemist   1.50 EUR    
  Income:Bar                        -1.50 EUR    

2019-01-11 txn "Koen bought 1 items for €1.50"
  timestamp: "2019-01-11 00:04:39.236719"
  type: "purchase"
  Assets:Inventory:Bar             -1 JUPILER
  Liabilities:Bar:Members:Koen      1 JUPILER
  Liabilities:Bar:Members:Koen   1.50 EUR    
  Income:Bar                    -1.50 EUR    

2019-01-11 txn "On8wr bought 2 items for €2.10"
  timestamp: "2019-01-11 00:06:02.948162"
  type: "purchase"
  Assets:Inventory:Bar              -1 TWIX     
  Liabilities:Bar:Members:On8wr      1 TWIX     
  Assets:Inventory:Bar              -1 SCHWEPPES
  Liabilities:Bar:Members:On8wr      1 SCHWEPPES
  Liabilities:Bar:Members:On8wr   2.10 EUR      
  Income:Bar                     -2.10 EUR      

2019-01-11 txn "Koen bought 1 items for €1.50"
  timestamp: "2019-01-11 01:45:22.343917"
  type: "purchase"
  Assets:Inventory:Bar             -1 ICETEA
  Liabilities:Bar:Members:Koen      1 ICETEA
  Liabilities:Bar:Members:Koen   1.50 EUR   
  Income:Bar                    -1.50 EUR   

2019-01-11 txn "Koen deposited €40.00"
  timestamp: "2019-01-11 01:45:44.745233"
  type: "deposit"
  Liabilities:Bar:Members:Koen  -40.00 EUR
  Assets:Cash:Bar                40.00 EUR

2019-01-11 txn "Joris bought 1 items for €0.60"
  timestamp: "2019-01-11 10:16:50.835714"
  type: "purchase"
  Assets:Inventory:Bar              -1 TWIX
  Liabilities:Bar:Members:Joris      1 TWIX
  Liabilities:Bar:Members:Joris   0.60 EUR 
  Income:Bar                     -0.60 EUR 

2019-01-11 txn "Joris bought 1 items for €0.60"
  timestamp: "2019-01-11 10:19:58.310689"
  type: "purchase"
  Assets:Inventory:Bar              -1 SNICKERS
  Liabilities:Bar:Members:Joris      1 SNICKERS
  Liabilities:Bar:Members:Joris   0.60 EUR     
  Income:Bar                     -0.60 EUR     

2019-01-11 txn "Joris bought 1 items for €1.50"
  timestamp: "2019-01-11 11:43:30.477546"
  type: "purchase"
  Assets:Inventory:Bar              -1 SCHWEPPES
  Liabilities:Bar:Members:Joris      1 SCHWEPPES
  Liabilities:Bar:Members:Joris   1.50 EUR      
  Income:Bar                     -1.50 EUR      

2019-01-11 txn "Joris bought 1 items for €0.60"
  timestamp: "2019-01-11 11:50:01.153557"
  type: "purchase"
  Assets:Inventory:Bar              -1 KITKAT
  Liabilities:Bar:Members:Joris      1 KITKAT
  Liabilities:Bar:Members:Joris   0.60 EUR   
  Income:Bar                     -0.60 EUR   

2019-01-11 txn "Joris bought 1 items for €0.60"
  timestamp: "2019-01-11 14:20:09.716297"
  type: "purchase"
  Assets:Inventory:Bar              -1 CHIP
  Liabilities:Bar:Members:Joris      1 CHIP
  Liabilities:Bar:Members:Joris   0.60 EUR 
  Income:Bar                     -0.60 EUR 

2019-01-11 txn "Gust bought 1 items for €0.60"
  timestamp: "2019-01-11 18:01:35.055847"
  type: "purchase"
  Assets:Inventory:Bar             -1 TWIX
  Liabilities:Bar:Members:Gust      1 TWIX
  Liabilities:Bar:Members:Gust   0.60 EUR 
  Income:Bar                    -0.60 EUR 

2019-01-11 txn "Gust bought 1 items for €2.00"
  timestamp: "2019-01-11 18:02:18.221170"
  type: "purchase"
  Assets:Inventory:Bar             -1 CM 
  Liabilities:Bar:Members:Gust      1 CM 
  Liabilities:Bar:Members:Gust   2.00 EUR
  Income:Bar                    -2.00 EUR

2019-01-11 txn "Gust bought 1 items for €0.60"
  timestamp: "2019-01-11 18:48:13.999683"
  type: "purchase"
  Assets:Inventory:Bar             -1 ROLO
  Liabilities:Bar:Members:Gust      1 ROLO
  Liabilities:Bar:Members:Gust   0.60 EUR 
  Income:Bar                    -0.60 EUR 

2019-01-11 txn "Gust bought 1 items for €0.60"
  timestamp: "2019-01-11 20:02:31.986550"
  type: "purchase"
  Assets:Inventory:Bar             -1 CHIP
  Liabilities:Bar:Members:Gust      1 CHIP
  Liabilities:Bar:Members:Gust   0.60 EUR 
  Income:Bar                    -0.60 EUR 

2019-01-11 txn "Gust bought 1 items for €2.00"
  timestamp: "2019-01-11 20:02:42.063000"
  type: "purchase"
  Assets:Inventory:Bar             -1 CM 
  Liabilities:Bar:Members:Gust      1 CM 
  Liabilities:Bar:Members:Gust   2.00 EUR
  Income:Bar                    -2.00 EUR

2019-01-11 txn "Gust bought 1 items for €0.60"
  timestamp: "2019-01-11 21:15:21.802895"
  type: "purchase"
  Assets:Inventory:Bar             -1 CHIP
  Liabilities:Bar:Members:Gust      1 CHIP
  Liabilities:Bar:Members:Gust   0.60 EUR 
  Income:Bar                    -0.60 EUR 

2019-01-11 txn "Gust bought 1 items for €0.60"
  timestamp: "2019-01-11 21:15:39.234383"
  type: "purchase"
  Assets:Inventory:Bar             -1 CHIP
  Liabilities:Bar:Members:Gust      1 CHIP
  Liabilities:Bar:Members:Gust   0.60 EUR 
  Income:Bar                    -0.60 EUR 

2019-01-11 txn "Gust bought 1 items for €1.50"
  timestamp: "2019-01-11 21:20:38.869483"
  type: "purchase"
  Assets:Inventory:Bar             -1 COKE
  Liabilities:Bar:Members:Gust      1 COKE
  Liabilities:Bar:Members:Gust   1.50 EUR 
  Income:Bar                    -1.50 EUR 

2019-01-11 txn "Gust bought 1 items for €1.50"
  timestamp: "2019-01-11 22:14:00.600229"
  type: "purchase"
  Assets:Inventory:Bar             -1 ICETEA
  Liabilities:Bar:Members:Gust      1 ICETEA
  Liabilities:Bar:Members:Gust   1.50 EUR   
  Income:Bar                    -1.50 EUR   

2019-01-12 txn "Merlijn bought 1 items for €2.00"
  timestamp: "2019-01-12 11:34:58.321438"
  type: "purchase"
  Assets:Inventory:Bar                -1 CM 
  Liabilities:Bar:Members:Merlijn      1 CM 
  Liabilities:Bar:Members:Merlijn   2.00 EUR
  Income:Bar                       -2.00 EUR

2019-01-12 txn "Joren bought 1 items for €0.60"
  timestamp: "2019-01-12 14:00:45.998651"
  type: "purchase"
  Assets:Inventory:Bar              -1 TWIX
  Liabilities:Bar:Members:Joren      1 TWIX
  Liabilities:Bar:Members:Joren   0.60 EUR 
  Income:Bar                     -0.60 EUR 

2019-01-12 txn "Sasja bought 1 items for €2.00"
  timestamp: "2019-01-12 14:14:15.247006"
  type: "purchase"
  Assets:Inventory:Bar              -1 CM 
  Liabilities:Bar:Members:Sasja      1 CM 
  Liabilities:Bar:Members:Sasja   2.00 EUR
  Income:Bar                     -2.00 EUR

2019-01-12 txn "Koen bought 1 items for €1.50"
  timestamp: "2019-01-12 14:44:35.759079"
  type: "purchase"
  Assets:Inventory:Bar             -1 ICETEA_ZERO
  Liabilities:Bar:Members:Koen      1 ICETEA_ZERO
  Liabilities:Bar:Members:Koen   1.50 EUR        
  Income:Bar                    -1.50 EUR        

2019-01-12 txn "Merlijn bought 1 items for €0.60"
  timestamp: "2019-01-12 16:39:42.789868"
  type: "purchase"
  Assets:Inventory:Bar                -1 KITKAT
  Liabilities:Bar:Members:Merlijn      1 KITKAT
  Liabilities:Bar:Members:Merlijn   0.60 EUR   
  Income:Bar                       -0.60 EUR   

2019-01-12 txn "Merlijn bought 1 items for €0.60"
  timestamp: "2019-01-12 16:52:17.530558"
  type: "purchase"
  Assets:Inventory:Bar                -1 CHIP
  Liabilities:Bar:Members:Merlijn      1 CHIP
  Liabilities:Bar:Members:Merlijn   0.60 EUR 
  Income:Bar                       -0.60 EUR 

2019-01-12 txn "Alex bought 1 items for €1.50"
  timestamp: "2019-01-12 17:22:32.854964"
  type: "purchase"
  Assets:Inventory:Bar             -1 ICETEA
  Liabilities:Bar:Members:Alex      1 ICETEA
  Liabilities:Bar:Members:Alex   1.50 EUR   
  Income:Bar                    -1.50 EUR   

2019-01-12 txn "Alex bought 1 items for €1.50"
  timestamp: "2019-01-12 17:22:41.744084"
  type: "purchase"
  Assets:Inventory:Bar             -1 ICETEA
  Liabilities:Bar:Members:Alex      1 ICETEA
  Liabilities:Bar:Members:Alex   1.50 EUR   
  Income:Bar                    -1.50 EUR   

2019-01-12 txn "Alex deposited €1.50"
  timestamp: "2019-01-12 17:22:57.507226"
  type: "deposit"
  Liabilities:Bar:Members:Alex  -1.50 EUR
  Assets:Cash:Bar                1.50 EUR

2019-01-12 txn "Alex bought 1 items for €0.60"
  timestamp: "2019-01-12 17:35:19.345645"
  type: "purchase"
  Assets:Inventory:Bar             -1 SNACK
  Liabilities:Bar:Members:Alex      1 SNACK
  Liabilities:Bar:Members:Alex   0.60 EUR  
  Income:Bar                    -0.60 EUR  

2019-01-12 txn "Koen bought 1 items for €0.60"
  timestamp: "2019-01-12 17:37:49.920343"
  type: "purchase"
  Assets:Inventory:Bar             -1 CHIP
  Liabilities:Bar:Members:Koen      1 CHIP
  Liabilities:Bar:Members:Koen   0.60 EUR 
  Income:Bar                    -0.60 EUR 

2019-01-12 txn "Koen bought 2 items for €2.10"
  timestamp: "2019-01-12 17:39:17.194604"
  type: "purchase"
  Assets:Inventory:Bar             -1 ROLO   
  Liabilities:Bar:Members:Koen      1 ROLO   
  Assets:Inventory:Bar             -1 JUPILER
  Liabilities:Bar:Members:Koen      1 JUPILER
  Liabilities:Bar:Members:Koen   2.10 EUR    
  Income:Bar                    -2.10 EUR    

2019-01-12 txn "Merlijn bought 1 items for €0.60"
  timestamp: "2019-01-12 18:00:49.272384"
  type: "purchase"
  Assets:Inventory:Bar                -1 MNM
  Liabilities:Bar:Members:Merlijn      1 MNM
  Liabilities:Bar:Members:Merlijn   0.60 EUR
  Income:Bar                       -0.60 EUR

