2021-09-03 txn "Shmitty bought 1 items for €2.50"
  timestamp: "2021-09-03 17:18:10.738711"
  type: "purchase"
  Assets:Inventory:Bar                -1 JUPILER
  Liabilities:Bar:Members:Shmitty      1 JUPILER
  Liabilities:Bar:Members:Shmitty   2.50 EUR    
  Income:Bar                       -2.50 EUR    

2021-09-03 txn "Yvan bought 1 items for €3.00"
  timestamp: "2021-09-03 17:27:39.075525"
  type: "purchase"
  Assets:Inventory:Bar             -1 FRITZ
  Liabilities:Bar:Members:Yvan      1 FRITZ
  Liabilities:Bar:Members:Yvan   3.00 EUR  
  Income:Bar                    -3.00 EUR  

2021-09-03 txn "Bloemist bought 1 items for €2.50"
  timestamp: "2021-09-03 17:32:53.497936"
  type: "purchase"
  Assets:Inventory:Bar                 -1 JUPILER
  Liabilities:Bar:Members:Bloemist      1 JUPILER
  Liabilities:Bar:Members:Bloemist   2.50 EUR    
  Income:Bar                        -2.50 EUR    

2021-09-03 txn "Ljaytee bought 2 items for €7.00"
  timestamp: "2021-09-03 17:33:49.333370"
  type: "purchase"
  Assets:Inventory:Bar                -2 MYSTERY
  Liabilities:Bar:Members:Ljaytee      2 MYSTERY
  Liabilities:Bar:Members:Ljaytee   7.00 EUR    
  Income:Bar                       -7.00 EUR    

2021-09-03 txn "Shmitty bought 1 items for €2.50"
  timestamp: "2021-09-03 17:35:24.838860"
  type: "purchase"
  Assets:Inventory:Bar                -1 FANTA
  Liabilities:Bar:Members:Shmitty      1 FANTA
  Liabilities:Bar:Members:Shmitty   2.50 EUR  
  Income:Bar                       -2.50 EUR  

2021-09-03 txn "Koen deposited €30.00"
  timestamp: "2021-09-03 17:40:49.470342"
  type: "deposit"
  Liabilities:Bar:Members:Koen  -30.00 EUR
  Assets:Cash:Bar                30.00 EUR

2021-09-03 txn "Koen bought 1 items for €2.50"
  timestamp: "2021-09-03 17:42:01.621811"
  type: "purchase"
  Assets:Inventory:Bar             -1 JUPILER
  Liabilities:Bar:Members:Koen      1 JUPILER
  Liabilities:Bar:Members:Koen   2.50 EUR    
  Income:Bar                    -2.50 EUR    

2021-09-03 txn "Sasja bought 1 items for €3.00"
  timestamp: "2021-09-03 17:46:05.092080"
  type: "purchase"
  Assets:Inventory:Bar              -1 FRITZ
  Liabilities:Bar:Members:Sasja      1 FRITZ
  Liabilities:Bar:Members:Sasja   3.00 EUR  
  Income:Bar                     -3.00 EUR  

2021-09-03 txn "--CASH-- bought 2 items for €5.50"
  timestamp: "2021-09-03 17:49:53.972428"
  type: "purchase"
  Assets:Inventory:Bar     -1 JUPILER
  Assets:Cash:Bar           1 JUPILER
  Assets:Inventory:Bar     -1 CMRED  
  Assets:Cash:Bar           1 CMRED  
  Assets:Cash:Bar        5.50 EUR    
  Income:Bar            -5.50 EUR    

2021-09-03 txn "Bertrand bought 1 items for €2.50"
  timestamp: "2021-09-03 17:55:45.771026"
  type: "purchase"
  Assets:Inventory:Bar                 -1 COKE
  Liabilities:Bar:Members:Bertrand      1 COKE
  Liabilities:Bar:Members:Bertrand   2.50 EUR 
  Income:Bar                        -2.50 EUR 

2021-09-03 txn "--CASH-- bought 2 items for €6.00"
  timestamp: "2021-09-03 17:56:01.540090"
  type: "purchase"
  Assets:Inventory:Bar     -1 DUVEL    
  Assets:Cash:Bar           1 DUVEL    
  Assets:Inventory:Bar     -1 SCHWEPPES
  Assets:Cash:Bar           1 SCHWEPPES
  Assets:Cash:Bar        6.00 EUR      
  Income:Bar            -6.00 EUR      

2021-09-03 txn "HansA bought 1 items for €3.00"
  timestamp: "2021-09-03 17:59:22.731227"
  type: "purchase"
  Assets:Inventory:Bar              -1 CMRED
  Liabilities:Bar:Members:HansA      1 CMRED
  Liabilities:Bar:Members:HansA   3.00 EUR  
  Income:Bar                     -3.00 EUR  

2021-09-03 txn "Merlijn bought 1 items for €2.50"
  timestamp: "2021-09-03 17:59:29.523841"
  type: "purchase"
  Assets:Inventory:Bar                -1 ICETEA
  Liabilities:Bar:Members:Merlijn      1 ICETEA
  Liabilities:Bar:Members:Merlijn   2.50 EUR   
  Income:Bar                       -2.50 EUR   

2021-09-03 txn "--CASH-- bought 1 items for €3.50"
  timestamp: "2021-09-03 18:00:35.057063"
  type: "purchase"
  Assets:Inventory:Bar     -1 DUVEL
  Assets:Cash:Bar           1 DUVEL
  Assets:Cash:Bar        3.50 EUR  
  Income:Bar            -3.50 EUR  

2021-09-03 txn "HansA gave Els a gift of €10.00"
  timestamp: "2021-09-03 18:00:40.286036"
  type: "transfer"
  Liabilities:Bar:Members:HansA   10.00 EUR
  Liabilities:Bar:Members:Els    -10.00 EUR

2021-09-03 txn "Bloemist bought 1 items for €2.50"
  timestamp: "2021-09-03 18:04:08.483782"
  type: "purchase"
  Assets:Inventory:Bar                 -1 JUPILER
  Liabilities:Bar:Members:Bloemist      1 JUPILER
  Liabilities:Bar:Members:Bloemist   2.50 EUR    
  Income:Bar                        -2.50 EUR    

2021-09-03 txn "Evils gave Els a gift of €8.50"
  timestamp: "2021-09-03 18:04:25.083881"
  type: "transfer"
  Liabilities:Bar:Members:Elvis   8.50 EUR
  Liabilities:Bar:Members:Els    -8.50 EUR

2021-09-03 txn "--CASH-- bought 2 items for €2.00"
  timestamp: "2021-09-03 18:06:12.637719"
  type: "purchase"
  Assets:Inventory:Bar     -2 WATER
  Assets:Cash:Bar           2 WATER
  Assets:Cash:Bar        2.00 EUR  
  Income:Bar            -2.00 EUR  

2021-09-03 txn "--CASH-- bought 1 items for €3.00"
  timestamp: "2021-09-03 18:08:09.571894"
  type: "purchase"
  Assets:Inventory:Bar     -1 CMRED
  Assets:Cash:Bar           1 CMRED
  Assets:Cash:Bar        3.00 EUR  
  Income:Bar            -3.00 EUR  

2021-09-03 txn "Shmitty bought 1 items for €3.00"
  timestamp: "2021-09-03 18:08:21.972290"
  type: "purchase"
  Assets:Inventory:Bar                -1 FRITZ
  Liabilities:Bar:Members:Shmitty      1 FRITZ
  Liabilities:Bar:Members:Shmitty   3.00 EUR  
  Income:Bar                       -3.00 EUR  

2021-09-03 txn "--CASH-- bought 1 items for €3.50"
  timestamp: "2021-09-03 18:10:10.525936"
  type: "purchase"
  Assets:Inventory:Bar     -1 DUVEL
  Assets:Cash:Bar           1 DUVEL
  Assets:Cash:Bar        3.50 EUR  
  Income:Bar            -3.50 EUR  

2021-09-03 txn "Sasja bought 1 items for €3.00"
  timestamp: "2021-09-03 18:10:31.874551"
  type: "purchase"
  Assets:Inventory:Bar              -1 CM 
  Liabilities:Bar:Members:Sasja      1 CM 
  Liabilities:Bar:Members:Sasja   3.00 EUR
  Income:Bar                     -3.00 EUR

2021-09-03 txn "--CASH-- bought 1 items for €3.50"
  timestamp: "2021-09-03 18:14:25.193708"
  type: "purchase"
  Assets:Inventory:Bar     -1 DUVEL
  Assets:Cash:Bar           1 DUVEL
  Assets:Cash:Bar        3.50 EUR  
  Income:Bar            -3.50 EUR  

2021-09-03 txn "--CASH-- bought 1 items for €3.00"
  timestamp: "2021-09-03 18:16:26.529019"
  type: "purchase"
  Assets:Inventory:Bar     -1 CIDER
  Assets:Cash:Bar           1 CIDER
  Assets:Cash:Bar        3.00 EUR  
  Income:Bar            -3.00 EUR  

2021-09-03 txn "Els bought 1 items for €2.50"
  timestamp: "2021-09-03 18:18:41.225845"
  type: "purchase"
  Assets:Inventory:Bar            -1 ICETEA
  Liabilities:Bar:Members:Els      1 ICETEA
  Liabilities:Bar:Members:Els   2.50 EUR   
  Income:Bar                   -2.50 EUR   

2021-09-03 txn "Erwin deposited €20.00"
  timestamp: "2021-09-03 18:20:54.613482"
  type: "deposit"
  Liabilities:Bar:Members:Erwin  -20.00 EUR
  Assets:Cash:Bar                 20.00 EUR

2021-09-03 txn "TQ bought 1 items for €3.50"
  timestamp: "2021-09-03 18:22:17.710825"
  type: "purchase"
  Assets:Inventory:Bar                -1 DUVEL
  Liabilities:Bar:Members:Thequux      1 DUVEL
  Liabilities:Bar:Members:Thequux   3.50 EUR  
  Income:Bar                       -3.50 EUR  

2021-09-03 txn "On8wr bought 1 items for €3.00"
  timestamp: "2021-09-03 18:24:22.343094"
  type: "purchase"
  Assets:Inventory:Bar              -1 FRITZ
  Liabilities:Bar:Members:On8wr      1 FRITZ
  Liabilities:Bar:Members:On8wr   3.00 EUR  
  Income:Bar                     -3.00 EUR  

2021-09-03 txn "On8wr bought 1 items for €0.90"
  timestamp: "2021-09-03 18:24:27.820126"
  type: "purchase"
  Assets:Inventory:Bar              -1 BOUNTY
  Liabilities:Bar:Members:On8wr      1 BOUNTY
  Liabilities:Bar:Members:On8wr   0.90 EUR   
  Income:Bar                     -0.90 EUR   

2021-09-03 txn "On8wr gave Els a gift of €10.00"
  timestamp: "2021-09-03 18:24:39.391823"
  type: "transfer"
  Liabilities:Bar:Members:On8wr   10.00 EUR
  Liabilities:Bar:Members:Els    -10.00 EUR

2021-09-03 txn "--CASH-- bought 3 items for €8.50"
  timestamp: "2021-09-03 18:24:46.819169"
  type: "purchase"
  Assets:Inventory:Bar     -1 DUVEL    
  Assets:Cash:Bar           1 DUVEL    
  Assets:Inventory:Bar     -1 COKE     
  Assets:Cash:Bar           1 COKE     
  Assets:Inventory:Bar     -1 COKE_ZERO
  Assets:Cash:Bar           1 COKE_ZERO
  Assets:Cash:Bar        8.50 EUR      
  Income:Bar            -8.50 EUR      

2021-09-03 txn "--CASH-- bought 1 items for €3.50"
  timestamp: "2021-09-03 18:26:16.912155"
  type: "purchase"
  Assets:Inventory:Bar     -1 MYSTERY
  Assets:Cash:Bar           1 MYSTERY
  Assets:Cash:Bar        3.50 EUR    
  Income:Bar            -3.50 EUR    

2021-09-03 txn "--CASH-- bought 1 items for €2.50"
  timestamp: "2021-09-03 18:27:53.561750"
  type: "purchase"
  Assets:Inventory:Bar     -1 JUPILER
  Assets:Cash:Bar           1 JUPILER
  Assets:Cash:Bar        2.50 EUR    
  Income:Bar            -2.50 EUR    

2021-09-03 txn "Sasja bought 1 items for €2.50"
  timestamp: "2021-09-03 18:34:37.487516"
  type: "purchase"
  Assets:Inventory:Bar              -1 JUPILER
  Liabilities:Bar:Members:Sasja      1 JUPILER
  Liabilities:Bar:Members:Sasja   2.50 EUR    
  Income:Bar                     -2.50 EUR    

2021-09-03 txn "--CASH-- bought 2 items for €7.00"
  timestamp: "2021-09-03 18:35:03.627940"
  type: "purchase"
  Assets:Inventory:Bar     -2 DUVEL
  Assets:Cash:Bar           2 DUVEL
  Assets:Cash:Bar        7.00 EUR  
  Income:Bar            -7.00 EUR  

2021-09-03 txn "Els bought 1 items for €3.00"
  timestamp: "2021-09-03 18:42:02.882129"
  type: "purchase"
  Assets:Inventory:Bar            -1 CIDER
  Liabilities:Bar:Members:Els      1 CIDER
  Liabilities:Bar:Members:Els   3.00 EUR  
  Income:Bar                   -3.00 EUR  

2021-09-03 txn "--CASH-- bought 1 items for €3.50"
  timestamp: "2021-09-03 18:44:18.204604"
  type: "purchase"
  Assets:Inventory:Bar     -1 DUVEL
  Assets:Cash:Bar           1 DUVEL
  Assets:Cash:Bar        3.50 EUR  
  Income:Bar            -3.50 EUR  

2021-09-03 txn "Ljaytee bought 1 items for €3.00"
  timestamp: "2021-09-03 18:46:39.780143"
  type: "purchase"
  Assets:Inventory:Bar                -1 FRITZ
  Liabilities:Bar:Members:Ljaytee      1 FRITZ
  Liabilities:Bar:Members:Ljaytee   3.00 EUR  
  Income:Bar                       -3.00 EUR  

2021-09-03 txn "--CASH-- bought 1 items for €6.00"
  timestamp: "2021-09-03 18:48:56.494575"
  type: "purchase"
  Assets:Inventory:Bar     -1 CHIMAY
  Assets:Cash:Bar           1 CHIMAY
  Assets:Cash:Bar        6.00 EUR   
  Income:Bar            -6.00 EUR   

2021-09-03 txn "--CASH-- bought 1 items for €2.50"
  timestamp: "2021-09-03 18:49:49.117067"
  type: "purchase"
  Assets:Inventory:Bar     -1 ICETEA
  Assets:Cash:Bar           1 ICETEA
  Assets:Cash:Bar        2.50 EUR   
  Income:Bar            -2.50 EUR   

2021-09-03 txn "--CASH-- bought 2 items for €7.00"
  timestamp: "2021-09-03 18:50:19.677134"
  type: "purchase"
  Assets:Inventory:Bar     -2 DUVEL
  Assets:Cash:Bar           2 DUVEL
  Assets:Cash:Bar        7.00 EUR  
  Income:Bar            -7.00 EUR  

2021-09-03 txn "Bloemist bought 1 items for €2.50"
  timestamp: "2021-09-03 18:51:39.635542"
  type: "purchase"
  Assets:Inventory:Bar                 -1 JUPILER
  Liabilities:Bar:Members:Bloemist      1 JUPILER
  Liabilities:Bar:Members:Bloemist   2.50 EUR    
  Income:Bar                        -2.50 EUR    

2021-09-03 txn "Mitch bought 1 items for €2.50"
  timestamp: "2021-09-03 18:54:40.278424"
  type: "purchase"
  Assets:Inventory:Bar              -1 SCHWEPPES
  Liabilities:Bar:Members:Mitch      1 SCHWEPPES
  Liabilities:Bar:Members:Mitch   2.50 EUR      
  Income:Bar                     -2.50 EUR      

2021-09-03 txn "--CASH-- bought 1 items for €3.00"
  timestamp: "2021-09-03 18:58:57.815128"
  type: "purchase"
  Assets:Inventory:Bar     -1 CM 
  Assets:Cash:Bar           1 CM 
  Assets:Cash:Bar        3.00 EUR
  Income:Bar            -3.00 EUR

2021-09-03 txn "On8wr bought 1 items for €2.50"
  timestamp: "2021-09-03 18:59:50.831724"
  type: "purchase"
  Assets:Inventory:Bar              -1 AGRUMES
  Liabilities:Bar:Members:On8wr      1 AGRUMES
  Liabilities:Bar:Members:On8wr   2.50 EUR    
  Income:Bar                     -2.50 EUR    

2021-09-03 txn "Yvan bought 1 items for €3.00"
  timestamp: "2021-09-03 19:00:23.628917"
  type: "purchase"
  Assets:Inventory:Bar             -1 FRITZ
  Liabilities:Bar:Members:Yvan      1 FRITZ
  Liabilities:Bar:Members:Yvan   3.00 EUR  
  Income:Bar                    -3.00 EUR  

2021-09-03 txn "Erwin bought 4 items for €10.00"
  timestamp: "2021-09-03 19:01:42.800002"
  type: "purchase"
  Assets:Inventory:Bar               -4 JUPILER
  Liabilities:Bar:Members:Erwin       4 JUPILER
  Liabilities:Bar:Members:Erwin   10.00 EUR    
  Income:Bar                     -10.00 EUR    

2021-09-03 txn "--CASH-- bought 2 items for €5.00"
  timestamp: "2021-09-03 19:01:52.694946"
  type: "purchase"
  Assets:Inventory:Bar     -2 JUPILER
  Assets:Cash:Bar           2 JUPILER
  Assets:Cash:Bar        5.00 EUR    
  Income:Bar            -5.00 EUR    

2021-09-03 txn "--CASH-- bought 3 items for €7.50"
  timestamp: "2021-09-03 19:03:14.666211"
  type: "purchase"
  Assets:Inventory:Bar     -1 FANTA  
  Assets:Cash:Bar           1 FANTA  
  Assets:Inventory:Bar     -2 JUPILER
  Assets:Cash:Bar           2 JUPILER
  Assets:Cash:Bar        7.50 EUR    
  Income:Bar            -7.50 EUR    

2021-09-03 txn "qwaxys bought 1 items for €3.50"
  timestamp: "2021-09-03 19:12:36.526632"
  type: "purchase"
  Assets:Inventory:Bar             -1 MYSTERY
  Liabilities:Bar:Members:Bart      1 MYSTERY
  Liabilities:Bar:Members:Bart   3.50 EUR    
  Income:Bar                    -3.50 EUR    

2021-09-03 txn "Lisa bought 2 items for €5.50"
  timestamp: "2021-09-03 19:15:00.201031"
  type: "purchase"
  Assets:Inventory:Bar             -1 CIDER 
  Liabilities:Bar:Members:Lisa      1 CIDER 
  Assets:Inventory:Bar             -1 ICETEA
  Liabilities:Bar:Members:Lisa      1 ICETEA
  Liabilities:Bar:Members:Lisa   5.50 EUR   
  Income:Bar                    -5.50 EUR   

2021-09-03 txn "--CASH-- bought 1 items for €3.00"
  timestamp: "2021-09-03 19:15:22.827127"
  type: "purchase"
  Assets:Inventory:Bar     -1 FRITZ
  Assets:Cash:Bar           1 FRITZ
  Assets:Cash:Bar        3.00 EUR  
  Income:Bar            -3.00 EUR  

2021-09-03 txn "--CASH-- bought 1 items for €2.50"
  timestamp: "2021-09-03 19:16:01.890481"
  type: "purchase"
  Assets:Inventory:Bar     -1 COKE
  Assets:Cash:Bar           1 COKE
  Assets:Cash:Bar        2.50 EUR 
  Income:Bar            -2.50 EUR 

2021-09-03 txn "--CASH-- bought 1 items for €2.50"
  timestamp: "2021-09-03 19:16:19.072747"
  type: "purchase"
  Assets:Inventory:Bar     -1 ICETEA
  Assets:Cash:Bar           1 ICETEA
  Assets:Cash:Bar        2.50 EUR   
  Income:Bar            -2.50 EUR   

2021-09-03 txn "--CASH-- bought 1 items for €3.00"
  timestamp: "2021-09-03 19:17:04.607456"
  type: "purchase"
  Assets:Inventory:Bar     -1 FRITZ
  Assets:Cash:Bar           1 FRITZ
  Assets:Cash:Bar        3.00 EUR  
  Income:Bar            -3.00 EUR  

2021-09-03 txn "Fearless deposited €20.00"
  timestamp: "2021-09-03 19:20:24.887261"
  type: "deposit"
  Liabilities:Bar:Members:Fearless  -20.00 EUR
  Assets:Cash:Bar                    20.00 EUR

2021-09-03 txn "--CASH-- bought 2 items for €5.00"
  timestamp: "2021-09-03 19:21:31.013230"
  type: "purchase"
  Assets:Inventory:Bar     -1 COKE 
  Assets:Cash:Bar           1 COKE 
  Assets:Inventory:Bar     -1 FANTA
  Assets:Cash:Bar           1 FANTA
  Assets:Cash:Bar        5.00 EUR  
  Income:Bar            -5.00 EUR  

2021-09-03 txn "Fearless bought 1 items for €3.00"
  timestamp: "2021-09-03 19:21:35.733220"
  type: "purchase"
  Assets:Inventory:Bar                 -1 CIDER
  Liabilities:Bar:Members:Fearless      1 CIDER
  Liabilities:Bar:Members:Fearless   3.00 EUR  
  Income:Bar                        -3.00 EUR  

2021-09-03 txn "Ljaytee bought 1 items for €3.00"
  timestamp: "2021-09-03 19:24:30.028097"
  type: "purchase"
  Assets:Inventory:Bar                -1 CIDER
  Liabilities:Bar:Members:Ljaytee      1 CIDER
  Liabilities:Bar:Members:Ljaytee   3.00 EUR  
  Income:Bar                       -3.00 EUR  

2021-09-03 txn "Shmitty bought 1 items for €2.50"
  timestamp: "2021-09-03 19:25:14.811218"
  type: "purchase"
  Assets:Inventory:Bar                -1 JUPILER
  Liabilities:Bar:Members:Shmitty      1 JUPILER
  Liabilities:Bar:Members:Shmitty   2.50 EUR    
  Income:Bar                       -2.50 EUR    

2021-09-03 txn "Sasja bought 1 items for €3.00"
  timestamp: "2021-09-03 19:26:48.827955"
  type: "purchase"
  Assets:Inventory:Bar              -1 FRITZ
  Liabilities:Bar:Members:Sasja      1 FRITZ
  Liabilities:Bar:Members:Sasja   3.00 EUR  
  Income:Bar                     -3.00 EUR  

2021-09-03 txn "--CASH-- bought 1 items for €3.00"
  timestamp: "2021-09-03 19:26:50.610768"
  type: "purchase"
  Assets:Inventory:Bar     -1 FRITZ
  Assets:Cash:Bar           1 FRITZ
  Assets:Cash:Bar        3.00 EUR  
  Income:Bar            -3.00 EUR  

2021-09-03 txn "qwaxys bought 2 items for €6.00"
  timestamp: "2021-09-03 19:26:54.072357"
  type: "purchase"
  Assets:Inventory:Bar             -1 MYSTERY
  Liabilities:Bar:Members:Bart      1 MYSTERY
  Assets:Inventory:Bar             -1 COKE   
  Liabilities:Bar:Members:Bart      1 COKE   
  Liabilities:Bar:Members:Bart   6.00 EUR    
  Income:Bar                    -6.00 EUR    

2021-09-03 txn "HansA bought 1 items for €3.50"
  timestamp: "2021-09-03 19:27:22.154456"
  type: "purchase"
  Assets:Inventory:Bar              -1 MYSTERY
  Liabilities:Bar:Members:HansA      1 MYSTERY
  Liabilities:Bar:Members:HansA   3.50 EUR    
  Income:Bar                     -3.50 EUR    

2021-09-03 txn "Bloemist bought 1 items for €3.00"
  timestamp: "2021-09-03 19:32:57.601568"
  type: "purchase"
  Assets:Inventory:Bar                 -1 FRITZ
  Liabilities:Bar:Members:Bloemist      1 FRITZ
  Liabilities:Bar:Members:Bloemist   3.00 EUR  
  Income:Bar                        -3.00 EUR  

2021-09-03 txn "--CASH-- bought 4 items for €10.00"
  timestamp: "2021-09-03 19:38:48.109944"
  type: "purchase"
  Assets:Inventory:Bar      -4 JUPILER
  Assets:Cash:Bar            4 JUPILER
  Assets:Cash:Bar        10.00 EUR    
  Income:Bar            -10.00 EUR    

2021-09-03 txn "--CASH-- bought 1 items for €3.00"
  timestamp: "2021-09-03 19:38:58.852599"
  type: "purchase"
  Assets:Inventory:Bar     -1 CIDER
  Assets:Cash:Bar           1 CIDER
  Assets:Cash:Bar        3.00 EUR  
  Income:Bar            -3.00 EUR  

2021-09-03 txn "--CASH-- bought 1 items for €3.00"
  timestamp: "2021-09-03 19:39:34.739877"
  type: "purchase"
  Assets:Inventory:Bar     -1 FLORA
  Assets:Cash:Bar           1 FLORA
  Assets:Cash:Bar        3.00 EUR  
  Income:Bar            -3.00 EUR  

2021-09-03 txn "--CASH-- bought 1 items for €6.00"
  timestamp: "2021-09-03 19:42:09.013276"
  type: "purchase"
  Assets:Inventory:Bar     -1 CHIMAY
  Assets:Cash:Bar           1 CHIMAY
  Assets:Cash:Bar        6.00 EUR   
  Income:Bar            -6.00 EUR   

2021-09-03 txn "Sasja bought 1 items for €3.00"
  timestamp: "2021-09-03 19:45:10.491811"
  type: "purchase"
  Assets:Inventory:Bar              -1 CIDER
  Liabilities:Bar:Members:Sasja      1 CIDER
  Liabilities:Bar:Members:Sasja   3.00 EUR  
  Income:Bar                     -3.00 EUR  

2021-09-03 txn "Erwin bought 1 items for €2.50"
  timestamp: "2021-09-03 19:46:46.003156"
  type: "purchase"
  Assets:Inventory:Bar              -1 JUPILER
  Liabilities:Bar:Members:Erwin      1 JUPILER
  Liabilities:Bar:Members:Erwin   2.50 EUR    
  Income:Bar                     -2.50 EUR    

2021-09-03 txn "Bloemist bought 1 items for €3.00"
  timestamp: "2021-09-03 19:47:13.574498"
  type: "purchase"
  Assets:Inventory:Bar                 -1 CM 
  Liabilities:Bar:Members:Bloemist      1 CM 
  Liabilities:Bar:Members:Bloemist   3.00 EUR
  Income:Bar                        -3.00 EUR

2021-09-03 txn "--CASH-- bought 1 items for €3.00"
  timestamp: "2021-09-03 19:47:56.840144"
  type: "purchase"
  Assets:Inventory:Bar     -1 CM 
  Assets:Cash:Bar           1 CM 
  Assets:Cash:Bar        3.00 EUR
  Income:Bar            -3.00 EUR

2021-09-03 txn "--CASH-- bought 9 items for €16.50"
  timestamp: "2021-09-03 19:49:26.930215"
  type: "purchase"
  Assets:Inventory:Bar      -4 WATER  
  Assets:Cash:Bar            4 WATER  
  Assets:Inventory:Bar      -2 COKE   
  Assets:Cash:Bar            2 COKE   
  Assets:Inventory:Bar      -3 JUPILER
  Assets:Cash:Bar            3 JUPILER
  Assets:Cash:Bar        16.50 EUR    
  Income:Bar            -16.50 EUR    

2021-09-03 txn "--CASH-- bought 2 items for €7.00"
  timestamp: "2021-09-03 19:50:39.712243"
  type: "purchase"
  Assets:Inventory:Bar     -2 DUVEL
  Assets:Cash:Bar           2 DUVEL
  Assets:Cash:Bar        7.00 EUR  
  Income:Bar            -7.00 EUR  

2021-09-03 txn "--CASH-- bought 1 items for €3.00"
  timestamp: "2021-09-03 19:51:08.957710"
  type: "purchase"
  Assets:Inventory:Bar     -1 CIDER
  Assets:Cash:Bar           1 CIDER
  Assets:Cash:Bar        3.00 EUR  
  Income:Bar            -3.00 EUR  

2021-09-03 txn "--CASH-- bought 1 items for €3.50"
  timestamp: "2021-09-03 19:51:31.387470"
  type: "purchase"
  Assets:Inventory:Bar     -1 DUVEL
  Assets:Cash:Bar           1 DUVEL
  Assets:Cash:Bar        3.50 EUR  
  Income:Bar            -3.50 EUR  

2021-09-03 txn "Merlijn bought 1 items for €3.00"
  timestamp: "2021-09-03 19:51:36.387730"
  type: "purchase"
  Assets:Inventory:Bar                -1 CIDER
  Liabilities:Bar:Members:Merlijn      1 CIDER
  Liabilities:Bar:Members:Merlijn   3.00 EUR  
  Income:Bar                       -3.00 EUR  

2021-09-03 txn "--CASH-- bought 4 items for €10.00"
  timestamp: "2021-09-03 19:55:12.553859"
  type: "purchase"
  Assets:Inventory:Bar      -4 JUPILER
  Assets:Cash:Bar            4 JUPILER
  Assets:Cash:Bar        10.00 EUR    
  Income:Bar            -10.00 EUR    

2021-09-03 txn "--CASH-- bought 1 items for €2.50"
  timestamp: "2021-09-03 19:55:59.451129"
  type: "purchase"
  Assets:Inventory:Bar     -1 JUPILER
  Assets:Cash:Bar           1 JUPILER
  Assets:Cash:Bar        2.50 EUR    
  Income:Bar            -2.50 EUR    

2021-09-03 txn "Ljaytee bought 1 items for €3.00"
  timestamp: "2021-09-03 19:57:01.023915"
  type: "purchase"
  Assets:Inventory:Bar                -1 FRITZ
  Liabilities:Bar:Members:Ljaytee      1 FRITZ
  Liabilities:Bar:Members:Ljaytee   3.00 EUR  
  Income:Bar                       -3.00 EUR  

2021-09-03 txn "Bloemist bought 1 items for €2.50"
  timestamp: "2021-09-03 19:57:21.847196"
  type: "purchase"
  Assets:Inventory:Bar                 -1 JUPILER
  Liabilities:Bar:Members:Bloemist      1 JUPILER
  Liabilities:Bar:Members:Bloemist   2.50 EUR    
  Income:Bar                        -2.50 EUR    

2021-09-03 txn "--CASH-- bought 1 items for €3.50"
  timestamp: "2021-09-03 19:58:38.777202"
  type: "purchase"
  Assets:Inventory:Bar     -1 DUVEL
  Assets:Cash:Bar           1 DUVEL
  Assets:Cash:Bar        3.50 EUR  
  Income:Bar            -3.50 EUR  

2021-09-03 txn "Carro​armato0 bought 1 items for €3.00"
  timestamp: "2021-09-03 20:00:41.168854"
  type: "purchase"
  Assets:Inventory:Bar                     -1 CM 
  Liabilities:Bar:Members:Carroarmato0      1 CM 
  Liabilities:Bar:Members:Carroarmato0   3.00 EUR
  Income:Bar                            -3.00 EUR

2021-09-03 txn "Renze deposited €50.00"
  timestamp: "2021-09-03 20:00:46.822323"
  type: "deposit"
  Liabilities:Bar:Members:Renze  -50.00 EUR
  Assets:Cash:Bar                 50.00 EUR

2021-09-03 txn "Renze bought 1 items for €2.50"
  timestamp: "2021-09-03 20:02:13.660469"
  type: "purchase"
  Assets:Inventory:Bar              -1 JUPILER
  Liabilities:Bar:Members:Renze      1 JUPILER
  Liabilities:Bar:Members:Renze   2.50 EUR    
  Income:Bar                     -2.50 EUR    

2021-09-03 txn "qwaxys bought 1 items for €6.00"
  timestamp: "2021-09-03 20:02:29.630706"
  type: "purchase"
  Assets:Inventory:Bar             -1 CHIMAY
  Liabilities:Bar:Members:Bart      1 CHIMAY
  Liabilities:Bar:Members:Bart   6.00 EUR   
  Income:Bar                    -6.00 EUR   

2021-09-03 txn "--CASH-- bought 2 items for €6.00"
  timestamp: "2021-09-03 20:05:42.374532"
  type: "purchase"
  Assets:Inventory:Bar     -2 CIDER
  Assets:Cash:Bar           2 CIDER
  Assets:Cash:Bar        6.00 EUR  
  Income:Bar            -6.00 EUR  

2021-09-03 txn "--CASH-- bought 1 items for €3.00"
  timestamp: "2021-09-03 20:07:16.811968"
  type: "purchase"
  Assets:Inventory:Bar     -1 FRITZ
  Assets:Cash:Bar           1 FRITZ
  Assets:Cash:Bar        3.00 EUR  
  Income:Bar            -3.00 EUR  

2021-09-03 txn "--CASH-- bought 1 items for €2.50"
  timestamp: "2021-09-03 20:08:31.810888"
  type: "purchase"
  Assets:Inventory:Bar     -1 JUPILER
  Assets:Cash:Bar           1 JUPILER
  Assets:Cash:Bar        2.50 EUR    
  Income:Bar            -2.50 EUR    

2021-09-03 txn "Shmitty bought 1 items for €3.00"
  timestamp: "2021-09-03 20:08:55.842506"
  type: "purchase"
  Assets:Inventory:Bar                -1 FRITZ
  Liabilities:Bar:Members:Shmitty      1 FRITZ
  Liabilities:Bar:Members:Shmitty   3.00 EUR  
  Income:Bar                       -3.00 EUR  

2021-09-03 txn "Koen bought 2 items for €5.00"
  timestamp: "2021-09-03 20:10:42.881831"
  type: "purchase"
  Assets:Inventory:Bar             -2 JUPILER
  Liabilities:Bar:Members:Koen      2 JUPILER
  Liabilities:Bar:Members:Koen   5.00 EUR    
  Income:Bar                    -5.00 EUR    

2021-09-03 txn "Sasja bought 1 items for €3.00"
  timestamp: "2021-09-03 20:11:50.715018"
  type: "purchase"
  Assets:Inventory:Bar              -1 CIDER
  Liabilities:Bar:Members:Sasja      1 CIDER
  Liabilities:Bar:Members:Sasja   3.00 EUR  
  Income:Bar                     -3.00 EUR  

2021-09-03 txn "--CASH-- bought 1 items for €3.00"
  timestamp: "2021-09-03 20:13:47.732598"
  type: "purchase"
  Assets:Inventory:Bar     -1 CIDER
  Assets:Cash:Bar           1 CIDER
  Assets:Cash:Bar        3.00 EUR  
  Income:Bar            -3.00 EUR  

2021-09-03 txn "Renze bought 2 items for €7.00"
  timestamp: "2021-09-03 20:17:40.139992"
  type: "purchase"
  Assets:Inventory:Bar              -2 DUVEL
  Liabilities:Bar:Members:Renze      2 DUVEL
  Liabilities:Bar:Members:Renze   7.00 EUR  
  Income:Bar                     -7.00 EUR  

2021-09-03 txn "--CASH-- bought 3 items for €7.50"
  timestamp: "2021-09-03 20:19:33.190551"
  type: "purchase"
  Assets:Inventory:Bar     -1 COKE  
  Assets:Cash:Bar           1 COKE  
  Assets:Inventory:Bar     -1 FANTA 
  Assets:Cash:Bar           1 FANTA 
  Assets:Inventory:Bar     -1 ICETEA
  Assets:Cash:Bar           1 ICETEA
  Assets:Cash:Bar        7.50 EUR   
  Income:Bar            -7.50 EUR   

2021-09-03 txn "--CASH-- bought 2 items for €5.00"
  timestamp: "2021-09-03 20:19:52.196258"
  type: "purchase"
  Assets:Inventory:Bar     -1 JUPILER
  Assets:Cash:Bar           1 JUPILER
  Assets:Inventory:Bar     -1 ICETEA 
  Assets:Cash:Bar           1 ICETEA 
  Assets:Cash:Bar        5.00 EUR    
  Income:Bar            -5.00 EUR    

2021-09-03 txn "HansA bought 1 items for €3.50"
  timestamp: "2021-09-03 20:19:59.720305"
  type: "purchase"
  Assets:Inventory:Bar              -1 MYSTERY
  Liabilities:Bar:Members:HansA      1 MYSTERY
  Liabilities:Bar:Members:HansA   3.50 EUR    
  Income:Bar                     -3.50 EUR    

2021-09-03 txn "--CASH-- bought 1 items for €3.00"
  timestamp: "2021-09-03 20:21:31.655338"
  type: "purchase"
  Assets:Inventory:Bar     -1 CMRED
  Assets:Cash:Bar           1 CMRED
  Assets:Cash:Bar        3.00 EUR  
  Income:Bar            -3.00 EUR  

2021-09-03 txn "qwaxys bought 1 items for €6.00"
  timestamp: "2021-09-03 20:22:28.867000"
  type: "purchase"
  Assets:Inventory:Bar             -1 CHIMAY
  Liabilities:Bar:Members:Bart      1 CHIMAY
  Liabilities:Bar:Members:Bart   6.00 EUR   
  Income:Bar                    -6.00 EUR   

2021-09-03 txn "Spider bought 2 items for €5.00"
  timestamp: "2021-09-03 20:24:12.505496"
  type: "purchase"
  Assets:Inventory:Bar               -1 COKE   
  Liabilities:Bar:Members:Spider      1 COKE   
  Assets:Inventory:Bar               -1 JUPILER
  Liabilities:Bar:Members:Spider      1 JUPILER
  Liabilities:Bar:Members:Spider   5.00 EUR    
  Income:Bar                      -5.00 EUR    

2021-09-03 txn "Bloemist bought 1 items for €2.50"
  timestamp: "2021-09-03 20:24:38.893704"
  type: "purchase"
  Assets:Inventory:Bar                 -1 JUPILER
  Liabilities:Bar:Members:Bloemist      1 JUPILER
  Liabilities:Bar:Members:Bloemist   2.50 EUR    
  Income:Bar                        -2.50 EUR    

2021-09-03 txn "TQ bought 1 items for €3.50"
  timestamp: "2021-09-03 20:25:36.757793"
  type: "purchase"
  Assets:Inventory:Bar                -1 MYSTERY
  Liabilities:Bar:Members:Thequux      1 MYSTERY
  Liabilities:Bar:Members:Thequux   3.50 EUR    
  Income:Bar                       -3.50 EUR    

2021-09-03 txn "Els bought 1 items for €3.00"
  timestamp: "2021-09-03 20:29:47.750754"
  type: "purchase"
  Assets:Inventory:Bar            -1 FRITZ
  Liabilities:Bar:Members:Els      1 FRITZ
  Liabilities:Bar:Members:Els   3.00 EUR  
  Income:Bar                   -3.00 EUR  

2021-09-03 txn "--CASH-- bought 2 items for €5.00"
  timestamp: "2021-09-03 20:30:42.940827"
  type: "purchase"
  Assets:Inventory:Bar     -2 JUPILER
  Assets:Cash:Bar           2 JUPILER
  Assets:Cash:Bar        5.00 EUR    
  Income:Bar            -5.00 EUR    

2021-09-03 txn "--CASH-- bought 2 items for €7.00"
  timestamp: "2021-09-03 20:33:00.117987"
  type: "purchase"
  Assets:Inventory:Bar     -2 MYSTERY
  Assets:Cash:Bar           2 MYSTERY
  Assets:Cash:Bar        7.00 EUR    
  Income:Bar            -7.00 EUR    

2021-09-03 txn "--CASH-- bought 2 items for €5.00"
  timestamp: "2021-09-03 20:33:27.881519"
  type: "purchase"
  Assets:Inventory:Bar     -2 JUPILER
  Assets:Cash:Bar           2 JUPILER
  Assets:Cash:Bar        5.00 EUR    
  Income:Bar            -5.00 EUR    

2021-09-03 txn "--CASH-- bought 3 items for €4.50"
  timestamp: "2021-09-03 20:34:07.595817"
  type: "purchase"
  Assets:Inventory:Bar     -1 JUPILER
  Assets:Cash:Bar           1 JUPILER
  Assets:Inventory:Bar     -2 WATER  
  Assets:Cash:Bar           2 WATER  
  Assets:Cash:Bar        4.50 EUR    
  Income:Bar            -4.50 EUR    

2021-09-03 txn "--CASH-- bought 1 items for €3.00"
  timestamp: "2021-09-03 20:34:58.015820"
  type: "purchase"
  Assets:Inventory:Bar     -1 CMRED
  Assets:Cash:Bar           1 CMRED
  Assets:Cash:Bar        3.00 EUR  
  Income:Bar            -3.00 EUR  

2021-09-03 txn "Ljaytee bought 1 items for €3.50"
  timestamp: "2021-09-03 20:39:57.766308"
  type: "purchase"
  Assets:Inventory:Bar                -1 MYSTERY
  Liabilities:Bar:Members:Ljaytee      1 MYSTERY
  Liabilities:Bar:Members:Ljaytee   3.50 EUR    
  Income:Bar                       -3.50 EUR    

2021-09-03 txn "Ljaytee bought 1 items for €3.00"
  timestamp: "2021-09-03 20:46:22.720320"
  type: "purchase"
  Assets:Inventory:Bar                -1 FRITZ
  Liabilities:Bar:Members:Ljaytee      1 FRITZ
  Liabilities:Bar:Members:Ljaytee   3.00 EUR  
  Income:Bar                       -3.00 EUR  

2021-09-03 txn "Fearless bought 1 items for €2.50"
  timestamp: "2021-09-03 20:47:45.882658"
  type: "purchase"
  Assets:Inventory:Bar                 -1 JUPILER
  Liabilities:Bar:Members:Fearless      1 JUPILER
  Liabilities:Bar:Members:Fearless   2.50 EUR    
  Income:Bar                        -2.50 EUR    

2021-09-03 txn "Merlijn bought 1 items for €3.00"
  timestamp: "2021-09-03 20:48:50.796353"
  type: "purchase"
  Assets:Inventory:Bar                -1 FRITZ
  Liabilities:Bar:Members:Merlijn      1 FRITZ
  Liabilities:Bar:Members:Merlijn   3.00 EUR  
  Income:Bar                       -3.00 EUR  

2021-09-03 txn "--CASH-- bought 1 items for €2.50"
  timestamp: "2021-09-03 20:52:32.393979"
  type: "purchase"
  Assets:Inventory:Bar     -1 COKE_ZERO
  Assets:Cash:Bar           1 COKE_ZERO
  Assets:Cash:Bar        2.50 EUR      
  Income:Bar            -2.50 EUR      

2021-09-03 txn "qwaxys bought 1 items for €2.50"
  timestamp: "2021-09-03 20:54:00.740972"
  type: "purchase"
  Assets:Inventory:Bar             -1 ICETEA_ZERO
  Liabilities:Bar:Members:Bart      1 ICETEA_ZERO
  Liabilities:Bar:Members:Bart   2.50 EUR        
  Income:Bar                    -2.50 EUR        

2021-09-03 txn "--CASH-- bought 1 items for €2.50"
  timestamp: "2021-09-03 20:54:04.360355"
  type: "purchase"
  Assets:Inventory:Bar     -1 JUPILER
  Assets:Cash:Bar           1 JUPILER
  Assets:Cash:Bar        2.50 EUR    
  Income:Bar            -2.50 EUR    

2021-09-03 txn "Renze bought 2 items for €5.50"
  timestamp: "2021-09-03 20:55:15.566457"
  type: "purchase"
  Assets:Inventory:Bar              -1 FRITZ
  Liabilities:Bar:Members:Renze      1 FRITZ
  Assets:Inventory:Bar              -1 COKE 
  Liabilities:Bar:Members:Renze      1 COKE 
  Liabilities:Bar:Members:Renze   5.50 EUR  
  Income:Bar                     -5.50 EUR  

2021-09-03 txn "Spider bought 1 items for €2.50"
  timestamp: "2021-09-03 20:56:37.161252"
  type: "purchase"
  Assets:Inventory:Bar               -1 JUPILER
  Liabilities:Bar:Members:Spider      1 JUPILER
  Liabilities:Bar:Members:Spider   2.50 EUR    
  Income:Bar                      -2.50 EUR    

2021-09-03 txn "Jenny deposited €20.00"
  timestamp: "2021-09-03 20:57:36.792112"
  type: "deposit"
  Liabilities:Bar:Members:Jenny  -20.00 EUR
  Assets:Cash:Bar                 20.00 EUR

2021-09-03 txn "--CASH-- bought 1 items for €3.00"
  timestamp: "2021-09-03 20:58:00.461230"
  type: "purchase"
  Assets:Inventory:Bar     -1 CMRED
  Assets:Cash:Bar           1 CMRED
  Assets:Cash:Bar        3.00 EUR  
  Income:Bar            -3.00 EUR  

2021-09-03 txn "Bloemist bought 1 items for €2.50"
  timestamp: "2021-09-03 20:59:22.154789"
  type: "purchase"
  Assets:Inventory:Bar                 -1 JUPILER
  Liabilities:Bar:Members:Bloemist      1 JUPILER
  Liabilities:Bar:Members:Bloemist   2.50 EUR    
  Income:Bar                        -2.50 EUR    

2021-09-03 txn "--CASH-- bought 1 items for €3.50"
  timestamp: "2021-09-03 21:00:29.674141"
  type: "purchase"
  Assets:Inventory:Bar     -1 DUVEL
  Assets:Cash:Bar           1 DUVEL
  Assets:Cash:Bar        3.50 EUR  
  Income:Bar            -3.50 EUR  

2021-09-03 txn "Spider bought 1 items for €2.50"
  timestamp: "2021-09-03 21:02:04.523731"
  type: "purchase"
  Assets:Inventory:Bar               -1 COKE
  Liabilities:Bar:Members:Spider      1 COKE
  Liabilities:Bar:Members:Spider   2.50 EUR 
  Income:Bar                      -2.50 EUR 

2021-09-03 txn "Bertrand bought 1 items for €3.00"
  timestamp: "2021-09-03 21:03:12.263423"
  type: "purchase"
  Assets:Inventory:Bar                 -1 CIDER
  Liabilities:Bar:Members:Bertrand      1 CIDER
  Liabilities:Bar:Members:Bertrand   3.00 EUR  
  Income:Bar                        -3.00 EUR  

2021-09-03 txn "On8wr bought 1 items for €1.80"
  timestamp: "2021-09-03 21:04:46.110957"
  type: "purchase"
  Assets:Inventory:Bar              -1 CHIP
  Liabilities:Bar:Members:On8wr      1 CHIP
  Liabilities:Bar:Members:On8wr   1.80 EUR 
  Income:Bar                     -1.80 EUR 

2021-09-03 txn "--CASH-- bought 2 items for €5.00"
  timestamp: "2021-09-03 21:08:53.544513"
  type: "purchase"
  Assets:Inventory:Bar     -2 JUPILER
  Assets:Cash:Bar           2 JUPILER
  Assets:Cash:Bar        5.00 EUR    
  Income:Bar            -5.00 EUR    

2021-09-03 txn "--CASH-- bought 2 items for €7.00"
  timestamp: "2021-09-03 21:10:18.887661"
  type: "purchase"
  Assets:Inventory:Bar     -2 MYSTERY
  Assets:Cash:Bar           2 MYSTERY
  Assets:Cash:Bar        7.00 EUR    
  Income:Bar            -7.00 EUR    

2021-09-03 txn "Erwin bought 2 items for €5.00"
  timestamp: "2021-09-03 21:10:39.137213"
  type: "purchase"
  Assets:Inventory:Bar              -2 JUPILER
  Liabilities:Bar:Members:Erwin      2 JUPILER
  Liabilities:Bar:Members:Erwin   5.00 EUR    
  Income:Bar                     -5.00 EUR    

2021-09-03 txn "On8wr bought 1 items for €0.90"
  timestamp: "2021-09-03 21:12:24.251769"
  type: "purchase"
  Assets:Inventory:Bar              -1 TWIX
  Liabilities:Bar:Members:On8wr      1 TWIX
  Liabilities:Bar:Members:On8wr   0.90 EUR 
  Income:Bar                     -0.90 EUR 

2021-09-03 txn "--CASH-- bought 1 items for €2.50"
  timestamp: "2021-09-03 21:13:25.708997"
  type: "purchase"
  Assets:Inventory:Bar     -1 JUPILER
  Assets:Cash:Bar           1 JUPILER
  Assets:Cash:Bar        2.50 EUR    
  Income:Bar            -2.50 EUR    

2021-09-03 txn "--CASH-- bought 1 items for €3.00"
  timestamp: "2021-09-03 21:14:50.381597"
  type: "purchase"
  Assets:Inventory:Bar     -1 FRITZ
  Assets:Cash:Bar           1 FRITZ
  Assets:Cash:Bar        3.00 EUR  
  Income:Bar            -3.00 EUR  

2021-09-03 txn "--CASH-- bought 1 items for €2.50"
  timestamp: "2021-09-03 21:18:53.030458"
  type: "purchase"
  Assets:Inventory:Bar     -1 JUPILER
  Assets:Cash:Bar           1 JUPILER
  Assets:Cash:Bar        2.50 EUR    
  Income:Bar            -2.50 EUR    

2021-09-03 txn "--CASH-- bought 2 items for €5.00"
  timestamp: "2021-09-03 21:22:50.907329"
  type: "purchase"
  Assets:Inventory:Bar     -1 COKE   
  Assets:Cash:Bar           1 COKE   
  Assets:Inventory:Bar     -1 JUPILER
  Assets:Cash:Bar           1 JUPILER
  Assets:Cash:Bar        5.00 EUR    
  Income:Bar            -5.00 EUR    

2021-09-03 txn "Jenny bought 1 items for €3.00"
  timestamp: "2021-09-03 21:29:56.351836"
  type: "purchase"
  Assets:Inventory:Bar              -1 FRITZ
  Liabilities:Bar:Members:Jenny      1 FRITZ
  Liabilities:Bar:Members:Jenny   3.00 EUR  
  Income:Bar                     -3.00 EUR  

2021-09-03 txn "--CASH-- bought 1 items for €1.80"
  timestamp: "2021-09-03 21:31:24.007734"
  type: "purchase"
  Assets:Inventory:Bar     -1 CHIP
  Assets:Cash:Bar           1 CHIP
  Assets:Cash:Bar        1.80 EUR 
  Income:Bar            -1.80 EUR 

2021-09-03 txn "Jenny bought 1 items for €1.80"
  timestamp: "2021-09-03 21:32:11.688320"
  type: "purchase"
  Assets:Inventory:Bar              -1 CHIP
  Liabilities:Bar:Members:Jenny      1 CHIP
  Liabilities:Bar:Members:Jenny   1.80 EUR 
  Income:Bar                     -1.80 EUR 

2021-09-03 txn "Shmitty bought 1 items for €2.50"
  timestamp: "2021-09-03 21:35:18.382561"
  type: "purchase"
  Assets:Inventory:Bar                -1 JUPILER
  Liabilities:Bar:Members:Shmitty      1 JUPILER
  Liabilities:Bar:Members:Shmitty   2.50 EUR    
  Income:Bar                       -2.50 EUR    

2021-09-03 txn "--CASH-- bought 2 items for €5.50"
  timestamp: "2021-09-03 21:36:45.389047"
  type: "purchase"
  Assets:Inventory:Bar     -1 COKE_ZERO
  Assets:Cash:Bar           1 COKE_ZERO
  Assets:Inventory:Bar     -1 FRITZ    
  Assets:Cash:Bar           1 FRITZ    
  Assets:Cash:Bar        5.50 EUR      
  Income:Bar            -5.50 EUR      

2021-09-03 txn "Bloemist bought 1 items for €0.90"
  timestamp: "2021-09-03 21:38:04.621692"
  type: "purchase"
  Assets:Inventory:Bar                 -1 MARS
  Liabilities:Bar:Members:Bloemist      1 MARS
  Liabilities:Bar:Members:Bloemist   0.90 EUR 
  Income:Bar                        -0.90 EUR 

2021-09-03 txn "Koen bought 1 items for €2.50"
  timestamp: "2021-09-03 21:39:29.382765"
  type: "purchase"
  Assets:Inventory:Bar             -1 JUPILER
  Liabilities:Bar:Members:Koen      1 JUPILER
  Liabilities:Bar:Members:Koen   2.50 EUR    
  Income:Bar                    -2.50 EUR    

2021-09-03 txn "Els bought 1 items for €1.80"
  timestamp: "2021-09-03 21:40:47.031750"
  type: "purchase"
  Assets:Inventory:Bar            -1 CHIP
  Liabilities:Bar:Members:Els      1 CHIP
  Liabilities:Bar:Members:Els   1.80 EUR 
  Income:Bar                   -1.80 EUR 

2021-09-03 txn "HansA bought 1 items for €3.00"
  timestamp: "2021-09-03 21:46:20.499577"
  type: "purchase"
  Assets:Inventory:Bar              -1 FRITZ
  Liabilities:Bar:Members:HansA      1 FRITZ
  Liabilities:Bar:Members:HansA   3.00 EUR  
  Income:Bar                     -3.00 EUR  

2021-09-03 txn "--CASH-- bought 1 items for €2.50"
  timestamp: "2021-09-03 21:50:37.604147"
  type: "purchase"
  Assets:Inventory:Bar     -1 AGRUMES
  Assets:Cash:Bar           1 AGRUMES
  Assets:Cash:Bar        2.50 EUR    
  Income:Bar            -2.50 EUR    

2021-09-03 txn "Carro​armato0 deposited €50.00"
  timestamp: "2021-09-03 21:51:01.759052"
  type: "deposit"
  Liabilities:Bar:Members:Carroarmato0  -50.00 EUR
  Assets:Cash:Bar                        50.00 EUR

2021-09-03 txn "--CASH-- bought 2 items for €5.50"
  timestamp: "2021-09-03 21:56:58.384248"
  type: "purchase"
  Assets:Inventory:Bar     -1 CIDER  
  Assets:Cash:Bar           1 CIDER  
  Assets:Inventory:Bar     -1 JUPILER
  Assets:Cash:Bar           1 JUPILER
  Assets:Cash:Bar        5.50 EUR    
  Income:Bar            -5.50 EUR    

2021-09-03 txn "--CASH-- bought 1 items for €3.50"
  timestamp: "2021-09-03 21:57:16.587006"
  type: "purchase"
  Assets:Inventory:Bar     -1 DUVEL
  Assets:Cash:Bar           1 DUVEL
  Assets:Cash:Bar        3.50 EUR  
  Income:Bar            -3.50 EUR  

2021-09-03 txn "Bloemist bought 1 items for €2.50"
  timestamp: "2021-09-03 21:57:20.571173"
  type: "purchase"
  Assets:Inventory:Bar                 -1 COKE_ZERO
  Liabilities:Bar:Members:Bloemist      1 COKE_ZERO
  Liabilities:Bar:Members:Bloemist   2.50 EUR      
  Income:Bar                        -2.50 EUR      

2021-09-03 txn "TQ bought 1 items for €3.50"
  timestamp: "2021-09-03 21:57:22.903953"
  type: "purchase"
  Assets:Inventory:Bar                -1 MYSTERY
  Liabilities:Bar:Members:Thequux      1 MYSTERY
  Liabilities:Bar:Members:Thequux   3.50 EUR    
  Income:Bar                       -3.50 EUR    

2021-09-03 txn "Sasja bought 1 items for €2.50"
  timestamp: "2021-09-03 22:02:11.172890"
  type: "purchase"
  Assets:Inventory:Bar              -1 SCHWEPPES
  Liabilities:Bar:Members:Sasja      1 SCHWEPPES
  Liabilities:Bar:Members:Sasja   2.50 EUR      
  Income:Bar                     -2.50 EUR      

2021-09-03 txn "--CASH-- bought 1 items for €2.50"
  timestamp: "2021-09-03 22:03:28.867800"
  type: "purchase"
  Assets:Inventory:Bar     -1 JUPILER
  Assets:Cash:Bar           1 JUPILER
  Assets:Cash:Bar        2.50 EUR    
  Income:Bar            -2.50 EUR    

2021-09-03 txn "--CASH-- bought 1 items for €2.50"
  timestamp: "2021-09-03 22:04:02.737542"
  type: "purchase"
  Assets:Inventory:Bar     -1 JUPILER
  Assets:Cash:Bar           1 JUPILER
  Assets:Cash:Bar        2.50 EUR    
  Income:Bar            -2.50 EUR    

2021-09-03 txn "--CASH-- bought 2 items for €5.50"
  timestamp: "2021-09-03 22:16:56.876178"
  type: "purchase"
  Assets:Inventory:Bar     -1 CIDER  
  Assets:Cash:Bar           1 CIDER  
  Assets:Inventory:Bar     -1 JUPILER
  Assets:Cash:Bar           1 JUPILER
  Assets:Cash:Bar        5.50 EUR    
  Income:Bar            -5.50 EUR    

2021-09-03 txn "Merlijn bought 2 items for €2.00"
  timestamp: "2021-09-03 22:17:07.057732"
  type: "purchase"
  Assets:Inventory:Bar                -2 WATER
  Liabilities:Bar:Members:Merlijn      2 WATER
  Liabilities:Bar:Members:Merlijn   2.00 EUR  
  Income:Bar                       -2.00 EUR  

2021-09-03 txn "Erwin bought 1 items for €3.50"
  timestamp: "2021-09-03 22:20:52.793178"
  type: "purchase"
  Assets:Inventory:Bar              -1 DUVEL
  Liabilities:Bar:Members:Erwin      1 DUVEL
  Liabilities:Bar:Members:Erwin   3.50 EUR  
  Income:Bar                     -3.50 EUR  

2021-09-03 txn "--CASH-- bought 1 items for €2.50"
  timestamp: "2021-09-03 22:21:06.543824"
  type: "purchase"
  Assets:Inventory:Bar     -1 KRIEK
  Assets:Cash:Bar           1 KRIEK
  Assets:Cash:Bar        2.50 EUR  
  Income:Bar            -2.50 EUR  

2021-09-03 txn "Sander bought 1 items for €2.50"
  timestamp: "2021-09-03 22:23:48.279909"
  type: "purchase"
  Assets:Inventory:Bar               -1 COKE
  Liabilities:Bar:Members:Sander      1 COKE
  Liabilities:Bar:Members:Sander   2.50 EUR 
  Income:Bar                      -2.50 EUR 

2021-09-03 txn "Fearless bought 1 items for €2.50"
  timestamp: "2021-09-03 22:24:06.934875"
  type: "purchase"
  Assets:Inventory:Bar                 -1 COKE_ZERO
  Liabilities:Bar:Members:Fearless      1 COKE_ZERO
  Liabilities:Bar:Members:Fearless   2.50 EUR      
  Income:Bar                        -2.50 EUR      

2021-09-03 txn "Bloemist deposited €-1.00"
  timestamp: "2021-09-03 22:24:34.515163"
  type: "deposit"
  Liabilities:Bar:Members:Bloemist   1.00 EUR
  Assets:Cash:Bar                   -1.00 EUR

2021-09-03 txn "TQ deposited €-2.00"
  timestamp: "2021-09-03 22:25:42.654648"
  type: "deposit"
  Liabilities:Bar:Members:Thequux   2.00 EUR
  Assets:Cash:Bar                  -2.00 EUR

2021-09-03 txn "Spider bought 1 items for €2.50"
  timestamp: "2021-09-03 22:27:26.914833"
  type: "purchase"
  Assets:Inventory:Bar               -1 COKE
  Liabilities:Bar:Members:Spider      1 COKE
  Liabilities:Bar:Members:Spider   2.50 EUR 
  Income:Bar                      -2.50 EUR 

2021-09-03 txn "Ljaytee bought 1 items for €3.00"
  timestamp: "2021-09-03 22:27:53.551169"
  type: "purchase"
  Assets:Inventory:Bar                -1 FRITZ
  Liabilities:Bar:Members:Ljaytee      1 FRITZ
  Liabilities:Bar:Members:Ljaytee   3.00 EUR  
  Income:Bar                       -3.00 EUR  

2021-09-03 txn "--CASH-- bought 1 items for €2.50"
  timestamp: "2021-09-03 22:32:27.091526"
  type: "purchase"
  Assets:Inventory:Bar     -1 HG 
  Assets:Cash:Bar           1 HG 
  Assets:Cash:Bar        2.50 EUR
  Income:Bar            -2.50 EUR

2021-09-03 txn "Carro​armato0 bought 1 items for €2.50"
  timestamp: "2021-09-03 22:33:07.475297"
  type: "purchase"
  Assets:Inventory:Bar                     -1 ICETEA
  Liabilities:Bar:Members:Carroarmato0      1 ICETEA
  Liabilities:Bar:Members:Carroarmato0   2.50 EUR   
  Income:Bar                            -2.50 EUR   

2021-09-03 txn "Shmitty bought 1 items for €3.00"
  timestamp: "2021-09-03 22:33:17.228066"
  type: "purchase"
  Assets:Inventory:Bar                -1 FRITZ
  Liabilities:Bar:Members:Shmitty      1 FRITZ
  Liabilities:Bar:Members:Shmitty   3.00 EUR  
  Income:Bar                       -3.00 EUR  

2021-09-03 txn "--CASH-- bought 2 items for €6.00"
  timestamp: "2021-09-03 22:40:35.981858"
  type: "purchase"
  Assets:Inventory:Bar     -1 CIDER
  Assets:Cash:Bar           1 CIDER
  Assets:Inventory:Bar     -1 FRITZ
  Assets:Cash:Bar           1 FRITZ
  Assets:Cash:Bar        6.00 EUR  
  Income:Bar            -6.00 EUR  

2021-09-03 txn "Els bought 2 items for €2.00"
  timestamp: "2021-09-03 22:41:11.615915"
  type: "purchase"
  Assets:Inventory:Bar            -2 WATER
  Liabilities:Bar:Members:Els      2 WATER
  Liabilities:Bar:Members:Els   2.00 EUR  
  Income:Bar                   -2.00 EUR  

2021-09-03 txn "--CASH-- bought 3 items for €7.50"
  timestamp: "2021-09-03 22:42:23.234564"
  type: "purchase"
  Assets:Inventory:Bar     -2 JUPILER
  Assets:Cash:Bar           2 JUPILER
  Assets:Inventory:Bar     -1 ICETEA 
  Assets:Cash:Bar           1 ICETEA 
  Assets:Cash:Bar        7.50 EUR    
  Income:Bar            -7.50 EUR    

2021-09-03 txn "--CASH-- bought 1 items for €2.50"
  timestamp: "2021-09-03 22:44:19.962245"
  type: "purchase"
  Assets:Inventory:Bar     -1 JUPILER
  Assets:Cash:Bar           1 JUPILER
  Assets:Cash:Bar        2.50 EUR    
  Income:Bar            -2.50 EUR    

2021-09-03 txn "Sasja bought 1 items for €1.80"
  timestamp: "2021-09-03 22:45:24.847666"
  type: "purchase"
  Assets:Inventory:Bar              -1 CHIP
  Liabilities:Bar:Members:Sasja      1 CHIP
  Liabilities:Bar:Members:Sasja   1.80 EUR 
  Income:Bar                     -1.80 EUR 

2021-09-03 txn "Sasja deposited €50.00"
  timestamp: "2021-09-03 22:47:50.468626"
  type: "deposit"
  Liabilities:Bar:Members:Sasja  -50.00 EUR
  Assets:Cash:Bar                 50.00 EUR

2021-09-03 txn "Sasja bought 1 items for €2.50"
  timestamp: "2021-09-03 22:48:34.263759"
  type: "purchase"
  Assets:Inventory:Bar              -1 SCHWEPPES
  Liabilities:Bar:Members:Sasja      1 SCHWEPPES
  Liabilities:Bar:Members:Sasja   2.50 EUR      
  Income:Bar                     -2.50 EUR      

2021-09-03 txn "--CASH-- bought 2 items for €7.00"
  timestamp: "2021-09-03 22:50:32.564105"
  type: "purchase"
  Assets:Inventory:Bar     -2 DUVEL
  Assets:Cash:Bar           2 DUVEL
  Assets:Cash:Bar        7.00 EUR  
  Income:Bar            -7.00 EUR  

2021-09-03 txn "Merlijn bought 2 items for €2.85"
  timestamp: "2021-09-03 22:53:33.510709"
  type: "purchase"
  Assets:Inventory:Bar                -1 PICKUP
  Liabilities:Bar:Members:Merlijn      1 PICKUP
  Assets:Inventory:Bar                -1 CHIP  
  Liabilities:Bar:Members:Merlijn      1 CHIP  
  Liabilities:Bar:Members:Merlijn   2.85 EUR   
  Income:Bar                       -2.85 EUR   

2021-09-03 txn "--CASH-- bought 1 items for €2.50"
  timestamp: "2021-09-03 23:01:27.291825"
  type: "purchase"
  Assets:Inventory:Bar     -1 COKE
  Assets:Cash:Bar           1 COKE
  Assets:Cash:Bar        2.50 EUR 
  Income:Bar            -2.50 EUR 

2021-09-03 txn "--CASH-- bought 3 items for €8.00"
  timestamp: "2021-09-03 23:09:50.895921"
  type: "purchase"
  Assets:Inventory:Bar     -1 COKE 
  Assets:Cash:Bar           1 COKE 
  Assets:Inventory:Bar     -1 FRITZ
  Assets:Cash:Bar           1 FRITZ
  Assets:Inventory:Bar     -1 FANTA
  Assets:Cash:Bar           1 FANTA
  Assets:Cash:Bar        8.00 EUR  
  Income:Bar            -8.00 EUR  

2021-09-03 txn "Merlijn bought 1 items for €3.00"
  timestamp: "2021-09-03 23:16:42.585314"
  type: "purchase"
  Assets:Inventory:Bar                -1 FRITZ
  Liabilities:Bar:Members:Merlijn      1 FRITZ
  Liabilities:Bar:Members:Merlijn   3.00 EUR  
  Income:Bar                       -3.00 EUR  

2021-09-03 txn "qwaxys bought 2 items for €3.40"
  timestamp: "2021-09-03 23:17:18.093829"
  type: "purchase"
  Assets:Inventory:Bar             -1 COKE_ZERO
  Liabilities:Bar:Members:Bart      1 COKE_ZERO
  Assets:Inventory:Bar             -1 SNICKERS 
  Liabilities:Bar:Members:Bart      1 SNICKERS 
  Liabilities:Bar:Members:Bart   3.40 EUR      
  Income:Bar                    -3.40 EUR      

2021-09-03 txn "HansA bought 1 items for €6.00"
  timestamp: "2021-09-03 23:18:10.506206"
  type: "purchase"
  Assets:Inventory:Bar              -1 CHIMAY
  Liabilities:Bar:Members:HansA      1 CHIMAY
  Liabilities:Bar:Members:HansA   6.00 EUR   
  Income:Bar                     -6.00 EUR   

2021-09-03 txn "HansA bought 1 items for €2.50"
  timestamp: "2021-09-03 23:21:07.619199"
  type: "purchase"
  Assets:Inventory:Bar              -1 FANTA
  Liabilities:Bar:Members:HansA      1 FANTA
  Liabilities:Bar:Members:HansA   2.50 EUR  
  Income:Bar                     -2.50 EUR  

2021-09-03 txn "HansA deposited €50.00"
  timestamp: "2021-09-03 23:21:40.479760"
  type: "deposit"
  Liabilities:Bar:Members:HansA  -50.00 EUR
  Assets:Cash:Bar                 50.00 EUR

2021-09-03 txn "--CASH-- bought 2 items for €5.00"
  timestamp: "2021-09-03 23:32:35.932600"
  type: "purchase"
  Assets:Inventory:Bar     -2 JUPILER
  Assets:Cash:Bar           2 JUPILER
  Assets:Cash:Bar        5.00 EUR    
  Income:Bar            -5.00 EUR    

2021-09-03 txn "Sasja bought 1 items for €3.00"
  timestamp: "2021-09-03 23:36:35.151515"
  type: "purchase"
  Assets:Inventory:Bar              -1 CIDER
  Liabilities:Bar:Members:Sasja      1 CIDER
  Liabilities:Bar:Members:Sasja   3.00 EUR  
  Income:Bar                     -3.00 EUR  

2021-09-03 txn "Bloemist bought 1 items for €2.50"
  timestamp: "2021-09-03 23:37:59.128659"
  type: "purchase"
  Assets:Inventory:Bar                 -1 COKE
  Liabilities:Bar:Members:Bloemist      1 COKE
  Liabilities:Bar:Members:Bloemist   2.50 EUR 
  Income:Bar                        -2.50 EUR 

2021-09-04 txn "--CASH-- bought 1 items for €3.00"
  timestamp: "2021-09-04 00:00:32.876943"
  type: "purchase"
  Assets:Inventory:Bar     -1 CIDER
  Assets:Cash:Bar           1 CIDER
  Assets:Cash:Bar        3.00 EUR  
  Income:Bar            -3.00 EUR  

2021-09-04 txn "TQ bought 2 items for €4.00"
  timestamp: "2021-09-04 00:08:09.505664"
  type: "purchase"
  Assets:Inventory:Bar                -2 FOOD_CUP
  Liabilities:Bar:Members:Thequux      2 FOOD_CUP
  Liabilities:Bar:Members:Thequux   4.00 EUR     
  Income:Bar                       -4.00 EUR     

2021-09-04 txn "qwaxys bought 1 items for €2.00"
  timestamp: "2021-09-04 00:08:16.755851"
  type: "purchase"
  Assets:Inventory:Bar             -1 FOOD_CUP
  Liabilities:Bar:Members:Bart      1 FOOD_CUP
  Liabilities:Bar:Members:Bart   2.00 EUR     
  Income:Bar                    -2.00 EUR     

2021-09-04 txn "Spider bought 1 items for €2.50"
  timestamp: "2021-09-04 00:13:19.004172"
  type: "purchase"
  Assets:Inventory:Bar               -1 COKE
  Liabilities:Bar:Members:Spider      1 COKE
  Liabilities:Bar:Members:Spider   2.50 EUR 
  Income:Bar                      -2.50 EUR 

2021-09-04 txn "Bloemist bought 1 items for €2.50"
  timestamp: "2021-09-04 00:22:59.474632"
  type: "purchase"
  Assets:Inventory:Bar                 -1 JUPILER
  Liabilities:Bar:Members:Bloemist      1 JUPILER
  Liabilities:Bar:Members:Bloemist   2.50 EUR    
  Income:Bar                        -2.50 EUR    

2021-09-04 txn "Bloemist bought 2 items for €5.00"
  timestamp: "2021-09-04 00:23:21.094850"
  type: "purchase"
  Assets:Inventory:Bar                 -2 JUPILER
  Liabilities:Bar:Members:Bloemist      2 JUPILER
  Liabilities:Bar:Members:Bloemist   5.00 EUR    
  Income:Bar                        -5.00 EUR    

2021-09-04 txn "--CASH-- bought 1 items for €2.00"
  timestamp: "2021-09-04 00:29:00.207792"
  type: "purchase"
  Assets:Inventory:Bar     -1 FOOD_CUP
  Assets:Cash:Bar           1 FOOD_CUP
  Assets:Cash:Bar        2.00 EUR     
  Income:Bar            -2.00 EUR     

2021-09-04 txn "--CASH-- bought 1 items for €2.00"
  timestamp: "2021-09-04 00:29:43.071732"
  type: "purchase"
  Assets:Inventory:Bar     -1 FOOD_CUP
  Assets:Cash:Bar           1 FOOD_CUP
  Assets:Cash:Bar        2.00 EUR     
  Income:Bar            -2.00 EUR     

2021-09-04 txn "HansA bought 2 items for €4.00"
  timestamp: "2021-09-04 00:32:51.820918"
  type: "purchase"
  Assets:Inventory:Bar              -2 FOOD_CUP
  Liabilities:Bar:Members:HansA      2 FOOD_CUP
  Liabilities:Bar:Members:HansA   4.00 EUR     
  Income:Bar                     -4.00 EUR     

2021-09-04 txn "HansA bought 1 items for €2.50"
  timestamp: "2021-09-04 08:48:28.037018"
  type: "purchase"
  Assets:Inventory:Bar              -1 ICETEA
  Liabilities:Bar:Members:HansA      1 ICETEA
  Liabilities:Bar:Members:HansA   2.50 EUR   
  Income:Bar                     -2.50 EUR   

2021-09-04 txn "Carro​armato0 bought 3 items for €4.45"
  timestamp: "2021-09-04 09:21:00.511962"
  type: "purchase"
  Assets:Inventory:Bar                     -1 TWIX  
  Liabilities:Bar:Members:Carroarmato0      1 TWIX  
  Assets:Inventory:Bar                     -1 PICKUP
  Liabilities:Bar:Members:Carroarmato0      1 PICKUP
  Assets:Inventory:Bar                     -1 ICETEA
  Liabilities:Bar:Members:Carroarmato0      1 ICETEA
  Liabilities:Bar:Members:Carroarmato0   4.45 EUR   
  Income:Bar                            -4.45 EUR   

2021-09-04 txn "Erwin deposited €10.00"
  timestamp: "2021-09-04 10:02:53.455310"
  type: "deposit"
  Liabilities:Bar:Members:Erwin  -10.00 EUR
  Assets:Cash:Bar                 10.00 EUR

2021-09-04 txn "Erwin bought 1 items for €3.00"
  timestamp: "2021-09-04 10:04:14.036236"
  type: "purchase"
  Assets:Inventory:Bar              -1 FRITZ
  Liabilities:Bar:Members:Erwin      1 FRITZ
  Liabilities:Bar:Members:Erwin   3.00 EUR  
  Income:Bar                     -3.00 EUR  

2021-09-04 txn "--CASH-- bought 1 items for €3.00"
  timestamp: "2021-09-04 10:10:56.907902"
  type: "purchase"
  Assets:Inventory:Bar     -1 CM 
  Assets:Cash:Bar           1 CM 
  Assets:Cash:Bar        3.00 EUR
  Income:Bar            -3.00 EUR

2021-09-04 txn "Mitch bought 1 items for €2.50"
  timestamp: "2021-09-04 10:12:01.775866"
  type: "purchase"
  Assets:Inventory:Bar              -1 AGRUMES
  Liabilities:Bar:Members:Mitch      1 AGRUMES
  Liabilities:Bar:Members:Mitch   2.50 EUR    
  Income:Bar                     -2.50 EUR    

2021-09-04 txn "Els bought 1 items for €3.00"
  timestamp: "2021-09-04 10:28:37.727502"
  type: "purchase"
  Assets:Inventory:Bar            -1 CM 
  Liabilities:Bar:Members:Els      1 CM 
  Liabilities:Bar:Members:Els   3.00 EUR
  Income:Bar                   -3.00 EUR

2021-09-04 txn "Carro​armato0 deposited €-20.00"
  timestamp: "2021-09-04 10:31:06.749346"
  type: "deposit"
  Liabilities:Bar:Members:Carroarmato0   20.00 EUR
  Assets:Cash:Bar                       -20.00 EUR

2021-09-04 txn "Jenny bought 1 items for €3.00"
  timestamp: "2021-09-04 11:00:15.564054"
  type: "purchase"
  Assets:Inventory:Bar              -1 FRITZ
  Liabilities:Bar:Members:Jenny      1 FRITZ
  Liabilities:Bar:Members:Jenny   3.00 EUR  
  Income:Bar                     -3.00 EUR  

2021-09-04 txn "--CASH-- bought 1 items for €3.00"
  timestamp: "2021-09-04 11:04:04.543993"
  type: "purchase"
  Assets:Inventory:Bar     -1 CM 
  Assets:Cash:Bar           1 CM 
  Assets:Cash:Bar        3.00 EUR
  Income:Bar            -3.00 EUR

2021-09-04 txn "--CASH-- bought 1 items for €3.00"
  timestamp: "2021-09-04 11:05:26.748852"
  type: "purchase"
  Assets:Inventory:Bar     -1 FRITZ
  Assets:Cash:Bar           1 FRITZ
  Assets:Cash:Bar        3.00 EUR  
  Income:Bar            -3.00 EUR  

2021-09-04 txn "Bloemist bought 1 items for €0.90"
  timestamp: "2021-09-04 11:19:29.506221"
  type: "purchase"
  Assets:Inventory:Bar                 -1 TWIX
  Liabilities:Bar:Members:Bloemist      1 TWIX
  Liabilities:Bar:Members:Bloemist   0.90 EUR 
  Income:Bar                        -0.90 EUR 

2021-09-04 txn "HansA bought 1 items for €2.00"
  timestamp: "2021-09-04 11:23:22.518819"
  type: "purchase"
  Assets:Inventory:Bar              -1 FOOD_CUP
  Liabilities:Bar:Members:HansA      1 FOOD_CUP
  Liabilities:Bar:Members:HansA   2.00 EUR     
  Income:Bar                     -2.00 EUR     

2021-09-04 txn "Sasja bought 1 items for €3.00"
  timestamp: "2021-09-04 11:31:16.949681"
  type: "purchase"
  Assets:Inventory:Bar              -1 CMRED
  Liabilities:Bar:Members:Sasja      1 CMRED
  Liabilities:Bar:Members:Sasja   3.00 EUR  
  Income:Bar                     -3.00 EUR  

2021-09-04 txn "--CASH-- bought 1 items for €3.00"
  timestamp: "2021-09-04 11:34:21.296019"
  type: "purchase"
  Assets:Inventory:Bar     -1 CM 
  Assets:Cash:Bar           1 CM 
  Assets:Cash:Bar        3.00 EUR
  Income:Bar            -3.00 EUR

2021-09-04 txn "--CASH-- bought 1 items for €3.00"
  timestamp: "2021-09-04 11:36:54.616714"
  type: "purchase"
  Assets:Inventory:Bar     -1 CMRED
  Assets:Cash:Bar           1 CMRED
  Assets:Cash:Bar        3.00 EUR  
  Income:Bar            -3.00 EUR  

2021-09-04 txn "--CASH-- bought 1 items for €3.00"
  timestamp: "2021-09-04 11:42:06.223999"
  type: "purchase"
  Assets:Inventory:Bar     -1 CM 
  Assets:Cash:Bar           1 CM 
  Assets:Cash:Bar        3.00 EUR
  Income:Bar            -3.00 EUR

2021-09-04 txn "--CASH-- bought 2 items for €3.40"
  timestamp: "2021-09-04 11:59:21.468544"
  type: "purchase"
  Assets:Inventory:Bar     -1 MARS       
  Assets:Cash:Bar           1 MARS       
  Assets:Inventory:Bar     -1 ICETEA_ZERO
  Assets:Cash:Bar           1 ICETEA_ZERO
  Assets:Cash:Bar        3.40 EUR        
  Income:Bar            -3.40 EUR        

2021-09-04 txn "qwaxys deposited €3.40"
  timestamp: "2021-09-04 12:00:02.044817"
  type: "deposit"
  Liabilities:Bar:Members:Bart  -3.40 EUR
  Assets:Cash:Bar                3.40 EUR

2021-09-04 txn "HansA bought 3 items for €12.00"
  timestamp: "2021-09-04 12:00:18.051049"
  type: "purchase"
  Assets:Inventory:Bar               -1 FRITZ 
  Liabilities:Bar:Members:HansA       1 FRITZ 
  Assets:Inventory:Bar               -1 CHIMAY
  Liabilities:Bar:Members:HansA       1 CHIMAY
  Assets:Inventory:Bar               -1 CM    
  Liabilities:Bar:Members:HansA       1 CM    
  Liabilities:Bar:Members:HansA   12.00 EUR   
  Income:Bar                     -12.00 EUR   

2021-09-04 txn "Lisa bought 2 items for €5.50"
  timestamp: "2021-09-04 12:11:04.355707"
  type: "purchase"
  Assets:Inventory:Bar             -1 CIDER 
  Liabilities:Bar:Members:Lisa      1 CIDER 
  Assets:Inventory:Bar             -1 ICETEA
  Liabilities:Bar:Members:Lisa      1 ICETEA
  Liabilities:Bar:Members:Lisa   5.50 EUR   
  Income:Bar                    -5.50 EUR   

2021-09-04 txn "--CASH-- bought 2 items for €6.00"
  timestamp: "2021-09-04 12:13:23.727753"
  type: "purchase"
  Assets:Inventory:Bar     -2 CMRED
  Assets:Cash:Bar           2 CMRED
  Assets:Cash:Bar        6.00 EUR  
  Income:Bar            -6.00 EUR  

2021-09-04 txn "Carro​armato0 bought 1 items for €3.00"
  timestamp: "2021-09-04 12:18:32.331077"
  type: "purchase"
  Assets:Inventory:Bar                     -1 CMCOLA
  Liabilities:Bar:Members:Carroarmato0      1 CMCOLA
  Liabilities:Bar:Members:Carroarmato0   3.00 EUR   
  Income:Bar                            -3.00 EUR   

2021-09-04 txn "Shmitty bought 1 items for €3.00"
  timestamp: "2021-09-04 12:23:12.116310"
  type: "purchase"
  Assets:Inventory:Bar                -1 FRITZ
  Liabilities:Bar:Members:Shmitty      1 FRITZ
  Liabilities:Bar:Members:Shmitty   3.00 EUR  
  Income:Bar                       -3.00 EUR  

2021-09-04 txn "Shmitty deposited €20.00"
  timestamp: "2021-09-04 12:23:52.699693"
  type: "deposit"
  Liabilities:Bar:Members:Shmitty  -20.00 EUR
  Assets:Cash:Bar                   20.00 EUR

2021-09-04 txn "--CASH-- bought 1 items for €3.00"
  timestamp: "2021-09-04 12:25:21.504947"
  type: "purchase"
  Assets:Inventory:Bar     -1 FRITZ
  Assets:Cash:Bar           1 FRITZ
  Assets:Cash:Bar        3.00 EUR  
  Income:Bar            -3.00 EUR  

2021-09-04 txn "Evils deposited €-1.00"
  timestamp: "2021-09-04 12:30:45.723243"
  type: "deposit"
  Liabilities:Bar:Members:Elvis   1.00 EUR
  Assets:Cash:Bar                -1.00 EUR

2021-09-04 txn "--CASH-- bought 2 items for €6.00"
  timestamp: "2021-09-04 12:36:30.847981"
  type: "purchase"
  Assets:Inventory:Bar     -2 CMRED
  Assets:Cash:Bar           2 CMRED
  Assets:Cash:Bar        6.00 EUR  
  Income:Bar            -6.00 EUR  

2021-09-04 txn "Koen bought 1 items for €3.00"
  timestamp: "2021-09-04 12:39:09.498595"
  type: "purchase"
  Assets:Inventory:Bar             -1 CIDER
  Liabilities:Bar:Members:Koen      1 CIDER
  Liabilities:Bar:Members:Koen   3.00 EUR  
  Income:Bar                    -3.00 EUR  

2021-09-04 txn "Koen deposited €3.00"
  timestamp: "2021-09-04 12:39:50.599806"
  type: "deposit"
  Liabilities:Bar:Members:Koen  -3.00 EUR
  Assets:Cash:Bar                3.00 EUR

2021-09-04 txn "Jenny bought 1 items for €3.00"
  timestamp: "2021-09-04 12:42:31.499889"
  type: "purchase"
  Assets:Inventory:Bar              -1 FRITZ
  Liabilities:Bar:Members:Jenny      1 FRITZ
  Liabilities:Bar:Members:Jenny   3.00 EUR  
  Income:Bar                     -3.00 EUR  

2021-09-04 txn "--CASH-- bought 1 items for €2.00"
  timestamp: "2021-09-04 12:47:41.623799"
  type: "purchase"
  Assets:Inventory:Bar     -1 FOOD_CUP
  Assets:Cash:Bar           1 FOOD_CUP
  Assets:Cash:Bar        2.00 EUR     
  Income:Bar            -2.00 EUR     

2021-09-04 txn "Carro​armato0 bought 1 items for €2.00"
  timestamp: "2021-09-04 12:47:58.264166"
  type: "purchase"
  Assets:Inventory:Bar                     -1 FOOD_CUP
  Liabilities:Bar:Members:Carroarmato0      1 FOOD_CUP
  Liabilities:Bar:Members:Carroarmato0   2.00 EUR     
  Income:Bar                            -2.00 EUR     

2021-09-04 txn "Evils bought 1 items for €3.00"
  timestamp: "2021-09-04 12:48:59.508009"
  type: "purchase"
  Assets:Inventory:Bar              -1 FRITZ
  Liabilities:Bar:Members:Elvis      1 FRITZ
  Liabilities:Bar:Members:Elvis   3.00 EUR  
  Income:Bar                     -3.00 EUR  

2021-09-04 txn "Merlijn bought 1 items for €2.50"
  timestamp: "2021-09-04 12:57:27.047762"
  type: "purchase"
  Assets:Inventory:Bar                -1 ICETEA_ZERO
  Liabilities:Bar:Members:Merlijn      1 ICETEA_ZERO
  Liabilities:Bar:Members:Merlijn   2.50 EUR        
  Income:Bar                       -2.50 EUR        

2021-09-04 txn "Ljaytee bought 1 items for €3.00"
  timestamp: "2021-09-04 13:02:40.508097"
  type: "purchase"
  Assets:Inventory:Bar                -1 FRITZ
  Liabilities:Bar:Members:Ljaytee      1 FRITZ
  Liabilities:Bar:Members:Ljaytee   3.00 EUR  
  Income:Bar                       -3.00 EUR  

2021-09-04 txn "TQ bought 1 items for €3.00"
  timestamp: "2021-09-04 13:03:55.523101"
  type: "purchase"
  Assets:Inventory:Bar                -1 FRITZ
  Liabilities:Bar:Members:Thequux      1 FRITZ
  Liabilities:Bar:Members:Thequux   3.00 EUR  
  Income:Bar                       -3.00 EUR  

2021-09-04 txn "Fearless bought 1 items for €2.50"
  timestamp: "2021-09-04 13:05:46.387711"
  type: "purchase"
  Assets:Inventory:Bar                 -1 COKE_ZERO
  Liabilities:Bar:Members:Fearless      1 COKE_ZERO
  Liabilities:Bar:Members:Fearless   2.50 EUR      
  Income:Bar                        -2.50 EUR      

2021-09-04 txn "Els bought 2 items for €3.40"
  timestamp: "2021-09-04 13:06:12.431729"
  type: "purchase"
  Assets:Inventory:Bar            -1 ICETEA
  Liabilities:Bar:Members:Els      1 ICETEA
  Assets:Inventory:Bar            -1 MARS  
  Liabilities:Bar:Members:Els      1 MARS  
  Liabilities:Bar:Members:Els   3.40 EUR   
  Income:Bar                   -3.40 EUR   

2021-09-04 txn "Fearless bought 1 items for €2.50"
  timestamp: "2021-09-04 13:07:37.785870"
  type: "purchase"
  Assets:Inventory:Bar                 -1 ICETEA
  Liabilities:Bar:Members:Fearless      1 ICETEA
  Liabilities:Bar:Members:Fearless   2.50 EUR   
  Income:Bar                        -2.50 EUR   

2021-09-04 txn "Sasja bought 1 items for €3.00"
  timestamp: "2021-09-04 13:26:47.691433"
  type: "purchase"
  Assets:Inventory:Bar              -1 FLORA
  Liabilities:Bar:Members:Sasja      1 FLORA
  Liabilities:Bar:Members:Sasja   3.00 EUR  
  Income:Bar                     -3.00 EUR  

2021-09-04 txn "HansA bought 2 items for €6.00"
  timestamp: "2021-09-04 13:31:44.053522"
  type: "purchase"
  Assets:Inventory:Bar              -2 CM 
  Liabilities:Bar:Members:HansA      2 CM 
  Liabilities:Bar:Members:HansA   6.00 EUR
  Income:Bar                     -6.00 EUR

2021-09-04 txn "Ljaytee bought 1 items for €3.00"
  timestamp: "2021-09-04 13:38:04.019262"
  type: "purchase"
  Assets:Inventory:Bar                -1 FRITZ
  Liabilities:Bar:Members:Ljaytee      1 FRITZ
  Liabilities:Bar:Members:Ljaytee   3.00 EUR  
  Income:Bar                       -3.00 EUR  

2021-09-04 txn "Sasja bought 1 items for €2.50"
  timestamp: "2021-09-04 13:56:07.791882"
  type: "purchase"
  Assets:Inventory:Bar              -1 SCHWEPPES
  Liabilities:Bar:Members:Sasja      1 SCHWEPPES
  Liabilities:Bar:Members:Sasja   2.50 EUR      
  Income:Bar                     -2.50 EUR      

2021-09-04 txn "Stefaan bought 1 items for €0.90"
  timestamp: "2021-09-04 13:57:04.167156"
  type: "purchase"
  Assets:Inventory:Bar                -1 KITKAT
  Liabilities:Bar:Members:Stefaan      1 KITKAT
  Liabilities:Bar:Members:Stefaan   0.90 EUR   
  Income:Bar                       -0.90 EUR   

2021-09-04 txn "--CASH-- bought 1 items for €3.00"
  timestamp: "2021-09-04 13:57:29.380444"
  type: "purchase"
  Assets:Inventory:Bar     -1 FRITZ
  Assets:Cash:Bar           1 FRITZ
  Assets:Cash:Bar        3.00 EUR  
  Income:Bar            -3.00 EUR  

2021-09-04 txn "Sasja bought 1 items for €1.80"
  timestamp: "2021-09-04 13:57:34.176170"
  type: "purchase"
  Assets:Inventory:Bar              -1 CHIP
  Liabilities:Bar:Members:Sasja      1 CHIP
  Liabilities:Bar:Members:Sasja   1.80 EUR 
  Income:Bar                     -1.80 EUR 

2021-09-04 txn "Stefaan bought 1 items for €3.00"
  timestamp: "2021-09-04 13:58:22.887787"
  type: "purchase"
  Assets:Inventory:Bar                -1 FRITZ
  Liabilities:Bar:Members:Stefaan      1 FRITZ
  Liabilities:Bar:Members:Stefaan   3.00 EUR  
  Income:Bar                       -3.00 EUR  

2021-09-04 txn "Fearless bought 1 items for €1.80"
  timestamp: "2021-09-04 13:59:51.502371"
  type: "purchase"
  Assets:Inventory:Bar                 -1 CHIP
  Liabilities:Bar:Members:Fearless      1 CHIP
  Liabilities:Bar:Members:Fearless   1.80 EUR 
  Income:Bar                        -1.80 EUR 

2021-09-04 txn "--CASH-- bought 1 items for €2.50"
  timestamp: "2021-09-04 14:00:37.364186"
  type: "purchase"
  Assets:Inventory:Bar     -1 JUPILER
  Assets:Cash:Bar           1 JUPILER
  Assets:Cash:Bar        2.50 EUR    
  Income:Bar            -2.50 EUR    

2021-09-04 txn "Carro​armato0 bought 1 items for €1.00"
  timestamp: "2021-09-04 14:01:20.411755"
  type: "purchase"
  Assets:Inventory:Bar                     -1 WATER
  Liabilities:Bar:Members:Carroarmato0      1 WATER
  Liabilities:Bar:Members:Carroarmato0   1.00 EUR  
  Income:Bar                            -1.00 EUR  

2021-09-04 txn "Stefaan bought 2 items for €3.40"
  timestamp: "2021-09-04 14:07:46.748242"
  type: "purchase"
  Assets:Inventory:Bar                -1 COKE  
  Liabilities:Bar:Members:Stefaan      1 COKE  
  Assets:Inventory:Bar                -1 KITKAT
  Liabilities:Bar:Members:Stefaan      1 KITKAT
  Liabilities:Bar:Members:Stefaan   3.40 EUR   
  Income:Bar                       -3.40 EUR   

2021-09-04 txn "--CASH-- bought 1 items for €3.00"
  timestamp: "2021-09-04 14:14:12.723521"
  type: "purchase"
  Assets:Inventory:Bar     -1 FRITZ
  Assets:Cash:Bar           1 FRITZ
  Assets:Cash:Bar        3.00 EUR  
  Income:Bar            -3.00 EUR  

2021-09-04 txn "Bertrand bought 1 items for €3.00"
  timestamp: "2021-09-04 14:19:02.189234"
  type: "purchase"
  Assets:Inventory:Bar                 -1 CM 
  Liabilities:Bar:Members:Bertrand      1 CM 
  Liabilities:Bar:Members:Bertrand   3.00 EUR
  Income:Bar                        -3.00 EUR

2021-09-04 txn "On8wr bought 1 items for €3.00"
  timestamp: "2021-09-04 14:20:17.237325"
  type: "purchase"
  Assets:Inventory:Bar              -1 CM 
  Liabilities:Bar:Members:On8wr      1 CM 
  Liabilities:Bar:Members:On8wr   3.00 EUR
  Income:Bar                     -3.00 EUR

2021-09-04 txn "On8wr bought 1 items for €0.90"
  timestamp: "2021-09-04 14:20:24.269412"
  type: "purchase"
  Assets:Inventory:Bar              -1 BOUNTY
  Liabilities:Bar:Members:On8wr      1 BOUNTY
  Liabilities:Bar:Members:On8wr   0.90 EUR   
  Income:Bar                     -0.90 EUR   

2021-09-04 txn "Renze bought 1 items for €2.50"
  timestamp: "2021-09-04 14:52:06.461521"
  type: "purchase"
  Assets:Inventory:Bar              -1 COKE
  Liabilities:Bar:Members:Renze      1 COKE
  Liabilities:Bar:Members:Renze   2.50 EUR 
  Income:Bar                     -2.50 EUR 

2021-09-04 txn "Merlijn bought 1 items for €3.00"
  timestamp: "2021-09-04 15:09:27.498855"
  type: "purchase"
  Assets:Inventory:Bar                -1 FRITZ
  Liabilities:Bar:Members:Merlijn      1 FRITZ
  Liabilities:Bar:Members:Merlijn   3.00 EUR  
  Income:Bar                       -3.00 EUR  

2021-09-04 txn "Shmitty bought 1 items for €3.00"
  timestamp: "2021-09-04 15:12:39.204233"
  type: "purchase"
  Assets:Inventory:Bar                -1 FRITZ
  Liabilities:Bar:Members:Shmitty      1 FRITZ
  Liabilities:Bar:Members:Shmitty   3.00 EUR  
  Income:Bar                       -3.00 EUR  

2021-09-04 txn "Merlijn bought 1 items for €20.00"
  timestamp: "2021-09-04 15:13:06.803787"
  type: "purchase"
  Assets:Inventory:Bar                 -1 TSHIRT
  Liabilities:Bar:Members:Merlijn       1 TSHIRT
  Liabilities:Bar:Members:Merlijn   20.00 EUR   
  Income:Bar                       -20.00 EUR   

2021-09-04 txn "qwaxys bought 1 items for €3.00"
  timestamp: "2021-09-04 15:13:22.112499"
  type: "purchase"
  Assets:Inventory:Bar             -1 FRITZ
  Liabilities:Bar:Members:Bart      1 FRITZ
  Liabilities:Bar:Members:Bart   3.00 EUR  
  Income:Bar                    -3.00 EUR  

2021-09-04 txn "Gust bought 1 items for €1.80"
  timestamp: "2021-09-04 15:14:25.934015"
  type: "purchase"
  Assets:Inventory:Bar             -1 CHIP
  Liabilities:Bar:Members:Gust      1 CHIP
  Liabilities:Bar:Members:Gust   1.80 EUR 
  Income:Bar                    -1.80 EUR 

2021-09-04 txn "Sasja bought 1 items for €2.00"
  timestamp: "2021-09-04 15:17:40.116549"
  type: "purchase"
  Assets:Inventory:Bar              -1 FOOD_CUP
  Liabilities:Bar:Members:Sasja      1 FOOD_CUP
  Liabilities:Bar:Members:Sasja   2.00 EUR     
  Income:Bar                     -2.00 EUR     

2021-09-04 txn "Carro​armato0 bought 2 items for €6.00"
  timestamp: "2021-09-04 15:27:26.048024"
  type: "purchase"
  Assets:Inventory:Bar                     -2 FRITZ
  Liabilities:Bar:Members:Carroarmato0      2 FRITZ
  Liabilities:Bar:Members:Carroarmato0   6.00 EUR  
  Income:Bar                            -6.00 EUR  

2021-09-04 txn "Shmitty gave Bloemist a gift of €9.50"
  timestamp: "2021-09-04 15:37:06.223861"
  type: "transfer"
  Liabilities:Bar:Members:Shmitty    9.50 EUR
  Liabilities:Bar:Members:Bloemist  -9.50 EUR

2021-09-04 txn "Ljaytee bought 3 items for €5.90"
  timestamp: "2021-09-04 15:38:25.855546"
  type: "purchase"
  Assets:Inventory:Bar                -2 KRIEK
  Liabilities:Bar:Members:Ljaytee      2 KRIEK
  Assets:Inventory:Bar                -1 MARS 
  Liabilities:Bar:Members:Ljaytee      1 MARS 
  Liabilities:Bar:Members:Ljaytee   5.90 EUR  
  Income:Bar                       -5.90 EUR  

2021-09-04 txn "--CASH-- bought 1 items for €1.80"
  timestamp: "2021-09-04 15:38:41.507779"
  type: "purchase"
  Assets:Inventory:Bar     -1 CHIP
  Assets:Cash:Bar           1 CHIP
  Assets:Cash:Bar        1.80 EUR 
  Income:Bar            -1.80 EUR 

2021-09-04 txn "Els gave Bloemist a gift of €10.90"
  timestamp: "2021-09-04 15:45:01.455150"
  type: "transfer"
  Liabilities:Bar:Members:Els        10.90 EUR
  Liabilities:Bar:Members:Bloemist  -10.90 EUR

2021-09-04 txn "Merlijn gave Bloemist a gift of €13.40"
  timestamp: "2021-09-04 15:45:25.039739"
  type: "transfer"
  Liabilities:Bar:Members:Merlijn    13.40 EUR
  Liabilities:Bar:Members:Bloemist  -13.40 EUR

2021-09-04 txn "HansA bought 1 items for €2.50"
  timestamp: "2021-09-04 16:08:29.942773"
  type: "purchase"
  Assets:Inventory:Bar              -1 ICETEA
  Liabilities:Bar:Members:HansA      1 ICETEA
  Liabilities:Bar:Members:HansA   2.50 EUR   
  Income:Bar                     -2.50 EUR   

2021-09-04 txn "--CASH-- bought 2 items for €3.90"
  timestamp: "2021-09-04 16:08:59.071767"
  type: "purchase"
  Assets:Inventory:Bar     -1 CM  
  Assets:Cash:Bar           1 CM  
  Assets:Inventory:Bar     -1 MARS
  Assets:Cash:Bar           1 MARS
  Assets:Cash:Bar        3.90 EUR 
  Income:Bar            -3.90 EUR 

2021-09-04 txn "HansA deposited €30.00"
  timestamp: "2021-09-04 16:09:41.142288"
  type: "deposit"
  Liabilities:Bar:Members:HansA  -30.00 EUR
  Assets:Cash:Bar                 30.00 EUR

2021-09-04 txn "Els bought 1 items for €3.00"
  timestamp: "2021-09-04 16:11:27.493299"
  type: "purchase"
  Assets:Inventory:Bar            -1 CMRED
  Liabilities:Bar:Members:Els      1 CMRED
  Liabilities:Bar:Members:Els   3.00 EUR  
  Income:Bar                   -3.00 EUR  

2021-09-04 txn "Carro​armato0 bought 1 items for €2.00"
  timestamp: "2021-09-04 16:14:09.046724"
  type: "purchase"
  Assets:Inventory:Bar                     -1 FOOD_CUP
  Liabilities:Bar:Members:Carroarmato0      1 FOOD_CUP
  Liabilities:Bar:Members:Carroarmato0   2.00 EUR     
  Income:Bar                            -2.00 EUR     

2021-09-04 txn "HansA bought 1 items for €2.00"
  timestamp: "2021-09-04 16:14:33.504879"
  type: "purchase"
  Assets:Inventory:Bar              -1 FOOD_CUP
  Liabilities:Bar:Members:HansA      1 FOOD_CUP
  Liabilities:Bar:Members:HansA   2.00 EUR     
  Income:Bar                     -2.00 EUR     

2021-09-04 txn "--CASH-- bought 1 items for €0.90"
  timestamp: "2021-09-04 16:17:38.709688"
  type: "purchase"
  Assets:Inventory:Bar     -1 MARS
  Assets:Cash:Bar           1 MARS
  Assets:Cash:Bar        0.90 EUR 
  Income:Bar            -0.90 EUR 

2021-09-04 txn "Gust bought 1 items for €2.50"
  timestamp: "2021-09-04 16:19:47.862131"
  type: "purchase"
  Assets:Inventory:Bar             -1 ICETEA
  Liabilities:Bar:Members:Gust      1 ICETEA
  Liabilities:Bar:Members:Gust   2.50 EUR   
  Income:Bar                    -2.50 EUR   

2021-09-04 txn "Carro​armato0 bought 1 items for €2.00"
  timestamp: "2021-09-04 16:29:48.151658"
  type: "purchase"
  Assets:Inventory:Bar                     -1 FOOD_CUP
  Liabilities:Bar:Members:Carroarmato0      1 FOOD_CUP
  Liabilities:Bar:Members:Carroarmato0   2.00 EUR     
  Income:Bar                            -2.00 EUR     

2021-09-04 txn "Renze bought 1 items for €3.00"
  timestamp: "2021-09-04 16:43:46.083228"
  type: "purchase"
  Assets:Inventory:Bar              -1 CM 
  Liabilities:Bar:Members:Renze      1 CM 
  Liabilities:Bar:Members:Renze   3.00 EUR
  Income:Bar                     -3.00 EUR

2021-09-04 txn "Bloemist deposited €-30.00"
  timestamp: "2021-09-04 16:52:01.763918"
  type: "deposit"
  Liabilities:Bar:Members:Bloemist   30.00 EUR
  Assets:Cash:Bar                   -30.00 EUR

2021-09-04 txn "Erwin bought 1 items for €2.50"
  timestamp: "2021-09-04 16:57:23.501476"
  type: "purchase"
  Assets:Inventory:Bar              -1 JUPILER
  Liabilities:Bar:Members:Erwin      1 JUPILER
  Liabilities:Bar:Members:Erwin   2.50 EUR    
  Income:Bar                     -2.50 EUR    

2021-09-04 txn "Jenny bought 1 items for €3.00"
  timestamp: "2021-09-04 16:57:44.611879"
  type: "purchase"
  Assets:Inventory:Bar              -1 FRITZ
  Liabilities:Bar:Members:Jenny      1 FRITZ
  Liabilities:Bar:Members:Jenny   3.00 EUR  
  Income:Bar                     -3.00 EUR  

2021-09-04 txn "Joren bought 2 items for €3.90"
  timestamp: "2021-09-04 17:02:25.986781"
  type: "purchase"
  Assets:Inventory:Bar              -1 FRITZ   
  Liabilities:Bar:Members:Joren      1 FRITZ   
  Assets:Inventory:Bar              -1 SNICKERS
  Liabilities:Bar:Members:Joren      1 SNICKERS
  Liabilities:Bar:Members:Joren   3.90 EUR     
  Income:Bar                     -3.90 EUR     

2021-09-04 txn "Joren deposited €3.90"
  timestamp: "2021-09-04 17:02:41.783802"
  type: "deposit"
  Liabilities:Bar:Members:Joren  -3.90 EUR
  Assets:Cash:Bar                 3.90 EUR

2021-09-04 txn "Joren deposited €20.00"
  timestamp: "2021-09-04 17:03:10.703698"
  type: "deposit"
  Liabilities:Bar:Members:Joren  -20.00 EUR
  Assets:Cash:Bar                 20.00 EUR

2021-09-04 txn "Joren bought 1 items for €3.50"
  timestamp: "2021-09-04 17:03:16.663873"
  type: "purchase"
  Assets:Inventory:Bar              -1 DUVEL
  Liabilities:Bar:Members:Joren      1 DUVEL
  Liabilities:Bar:Members:Joren   3.50 EUR  
  Income:Bar                     -3.50 EUR  

2021-09-04 txn "Fearless bought 1 items for €2.50"
  timestamp: "2021-09-04 17:03:38.057285"
  type: "purchase"
  Assets:Inventory:Bar                 -1 COKE_ZERO
  Liabilities:Bar:Members:Fearless      1 COKE_ZERO
  Liabilities:Bar:Members:Fearless   2.50 EUR      
  Income:Bar                        -2.50 EUR      

2021-09-04 txn "--CASH-- bought 2 items for €6.00"
  timestamp: "2021-09-04 17:08:57.954582"
  type: "purchase"
  Assets:Inventory:Bar     -2 CM 
  Assets:Cash:Bar           2 CM 
  Assets:Cash:Bar        6.00 EUR
  Income:Bar            -6.00 EUR

2021-09-04 txn "Els bought 1 items for €2.50"
  timestamp: "2021-09-04 17:21:46.571528"
  type: "purchase"
  Assets:Inventory:Bar            -1 FANTA
  Liabilities:Bar:Members:Els      1 FANTA
  Liabilities:Bar:Members:Els   2.50 EUR  
  Income:Bar                   -2.50 EUR  

2021-09-04 txn "--CASH-- bought 1 items for €2.50"
  timestamp: "2021-09-04 17:27:31.791536"
  type: "purchase"
  Assets:Inventory:Bar     -1 COKE_ZERO
  Assets:Cash:Bar           1 COKE_ZERO
  Assets:Cash:Bar        2.50 EUR      
  Income:Bar            -2.50 EUR      

2021-09-04 txn "TQ bought 2 items for €6.00"
  timestamp: "2021-09-04 17:28:31.757285"
  type: "purchase"
  Assets:Inventory:Bar                -2 FRITZ
  Liabilities:Bar:Members:Thequux      2 FRITZ
  Liabilities:Bar:Members:Thequux   6.00 EUR  
  Income:Bar                       -6.00 EUR  

2021-09-04 txn "Fearless bought 1 items for €2.50"
  timestamp: "2021-09-04 17:32:11.858126"
  type: "purchase"
  Assets:Inventory:Bar                 -1 COKE
  Liabilities:Bar:Members:Fearless      1 COKE
  Liabilities:Bar:Members:Fearless   2.50 EUR 
  Income:Bar                        -2.50 EUR 

2021-09-04 txn "Joren bought 1 items for €3.50"
  timestamp: "2021-09-04 17:33:25.764177"
  type: "purchase"
  Assets:Inventory:Bar              -1 DUVEL
  Liabilities:Bar:Members:Joren      1 DUVEL
  Liabilities:Bar:Members:Joren   3.50 EUR  
  Income:Bar                     -3.50 EUR  

2021-09-04 txn "--CASH-- bought 1 items for €3.00"
  timestamp: "2021-09-04 17:35:09.332705"
  type: "purchase"
  Assets:Inventory:Bar     -1 CM 
  Assets:Cash:Bar           1 CM 
  Assets:Cash:Bar        3.00 EUR
  Income:Bar            -3.00 EUR

2021-09-04 txn "Koen bought 1 items for €2.50"
  timestamp: "2021-09-04 17:35:29.191332"
  type: "purchase"
  Assets:Inventory:Bar             -1 JUPILER
  Liabilities:Bar:Members:Koen      1 JUPILER
  Liabilities:Bar:Members:Koen   2.50 EUR    
  Income:Bar                    -2.50 EUR    

2021-09-04 txn "Sasja bought 1 items for €3.00"
  timestamp: "2021-09-04 17:50:20.494658"
  type: "purchase"
  Assets:Inventory:Bar              -1 CM 
  Liabilities:Bar:Members:Sasja      1 CM 
  Liabilities:Bar:Members:Sasja   3.00 EUR
  Income:Bar                     -3.00 EUR

2021-09-04 txn "Shmitty bought 1 items for €2.50"
  timestamp: "2021-09-04 17:50:31.499064"
  type: "purchase"
  Assets:Inventory:Bar                -1 JUPILER
  Liabilities:Bar:Members:Shmitty      1 JUPILER
  Liabilities:Bar:Members:Shmitty   2.50 EUR    
  Income:Bar                       -2.50 EUR    

2021-09-04 txn "Jenny bought 1 items for €3.00"
  timestamp: "2021-09-04 18:10:04.568179"
  type: "purchase"
  Assets:Inventory:Bar              -1 FRITZ
  Liabilities:Bar:Members:Jenny      1 FRITZ
  Liabilities:Bar:Members:Jenny   3.00 EUR  
  Income:Bar                     -3.00 EUR  

2021-09-04 txn "Koen bought 1 items for €2.50"
  timestamp: "2021-09-04 18:14:57.591914"
  type: "purchase"
  Assets:Inventory:Bar             -1 JUPILER
  Liabilities:Bar:Members:Koen      1 JUPILER
  Liabilities:Bar:Members:Koen   2.50 EUR    
  Income:Bar                    -2.50 EUR    

2021-09-04 txn "Erwin bought 1 items for €3.00"
  timestamp: "2021-09-04 18:36:02.511737"
  type: "purchase"
  Assets:Inventory:Bar              -1 CMRED
  Liabilities:Bar:Members:Erwin      1 CMRED
  Liabilities:Bar:Members:Erwin   3.00 EUR  
  Income:Bar                     -3.00 EUR  

2021-09-04 txn "Carro​armato0 bought 3 items for €4.80"
  timestamp: "2021-09-04 18:44:05.823507"
  type: "purchase"
  Assets:Inventory:Bar                     -1 TWIX  
  Liabilities:Bar:Members:Carroarmato0      1 TWIX  
  Assets:Inventory:Bar                     -1 KITKAT
  Liabilities:Bar:Members:Carroarmato0      1 KITKAT
  Assets:Inventory:Bar                     -1 CMRED 
  Liabilities:Bar:Members:Carroarmato0      1 CMRED 
  Liabilities:Bar:Members:Carroarmato0   4.80 EUR   
  Income:Bar                            -4.80 EUR   

2021-09-04 txn "Joren bought 1 items for €2.50"
  timestamp: "2021-09-04 18:44:57.787787"
  type: "purchase"
  Assets:Inventory:Bar              -1 HG 
  Liabilities:Bar:Members:Joren      1 HG 
  Liabilities:Bar:Members:Joren   2.50 EUR
  Income:Bar                     -2.50 EUR

2021-09-04 txn "Jenny bought 2 items for €5.50"
  timestamp: "2021-09-04 19:37:50.511710"
  type: "purchase"
  Assets:Inventory:Bar              -1 JUPILER
  Liabilities:Bar:Members:Jenny      1 JUPILER
  Assets:Inventory:Bar              -1 FRITZ  
  Liabilities:Bar:Members:Jenny      1 FRITZ  
  Liabilities:Bar:Members:Jenny   5.50 EUR    
  Income:Bar                     -5.50 EUR    

2021-09-04 txn "--CASH-- bought 2 items for €3.90"
  timestamp: "2021-09-04 19:38:28.031735"
  type: "purchase"
  Assets:Inventory:Bar     -1 FRITZ   
  Assets:Cash:Bar           1 FRITZ   
  Assets:Inventory:Bar     -1 SNICKERS
  Assets:Cash:Bar           1 SNICKERS
  Assets:Cash:Bar        3.90 EUR     
  Income:Bar            -3.90 EUR     

2021-09-04 txn "Jenny deposited €20.00"
  timestamp: "2021-09-04 19:39:32.105177"
  type: "deposit"
  Liabilities:Bar:Members:Jenny  -20.00 EUR
  Assets:Cash:Bar                 20.00 EUR

2021-09-04 txn "Sasja bought 1 items for €2.50"
  timestamp: "2021-09-04 19:44:53.445595"
  type: "purchase"
  Assets:Inventory:Bar              -1 JUPILER
  Liabilities:Bar:Members:Sasja      1 JUPILER
  Liabilities:Bar:Members:Sasja   2.50 EUR    
  Income:Bar                     -2.50 EUR    

2021-09-04 txn "--CASH-- bought 1 items for €2.50"
  timestamp: "2021-09-04 19:46:14.286674"
  type: "purchase"
  Assets:Inventory:Bar     -1 COKE
  Assets:Cash:Bar           1 COKE
  Assets:Cash:Bar        2.50 EUR 
  Income:Bar            -2.50 EUR 

2021-09-04 txn "--CASH-- bought 4 items for €29.00"
  timestamp: "2021-09-04 19:51:38.495571"
  type: "purchase"
  Assets:Inventory:Bar      -1 TSHIRT
  Assets:Cash:Bar            1 TSHIRT
  Assets:Inventory:Bar      -3 CM    
  Assets:Cash:Bar            3 CM    
  Assets:Cash:Bar        29.00 EUR   
  Income:Bar            -29.00 EUR   

2021-09-04 txn "On8wr bought 1 items for €0.90"
  timestamp: "2021-09-04 19:54:15.841433"
  type: "purchase"
  Assets:Inventory:Bar              -1 BOUNTY
  Liabilities:Bar:Members:On8wr      1 BOUNTY
  Liabilities:Bar:Members:On8wr   0.90 EUR   
  Income:Bar                     -0.90 EUR   

2021-09-04 txn "On8wr bought 1 items for €2.50"
  timestamp: "2021-09-04 19:54:29.975320"
  type: "purchase"
  Assets:Inventory:Bar              -1 ICETEA
  Liabilities:Bar:Members:On8wr      1 ICETEA
  Liabilities:Bar:Members:On8wr   2.50 EUR   
  Income:Bar                     -2.50 EUR   

2021-09-04 txn "--CASH-- bought 1 items for €3.50"
  timestamp: "2021-09-04 20:12:07.529358"
  type: "purchase"
  Assets:Inventory:Bar     -1 DUVEL
  Assets:Cash:Bar           1 DUVEL
  Assets:Cash:Bar        3.50 EUR  
  Income:Bar            -3.50 EUR  

2021-09-04 txn "--CASH-- bought 1 items for €6.00"
  timestamp: "2021-09-04 20:13:11.743495"
  type: "purchase"
  Assets:Inventory:Bar     -1 CHIMAY
  Assets:Cash:Bar           1 CHIMAY
  Assets:Cash:Bar        6.00 EUR   
  Income:Bar            -6.00 EUR   

2021-09-04 txn "Bloemist bought 1 items for €3.00"
  timestamp: "2021-09-04 20:16:04.503802"
  type: "purchase"
  Assets:Inventory:Bar                 -1 CM 
  Liabilities:Bar:Members:Bloemist      1 CM 
  Liabilities:Bar:Members:Bloemist   3.00 EUR
  Income:Bar                        -3.00 EUR

2021-09-04 txn "--CASH-- bought 1 items for €2.50"
  timestamp: "2021-09-04 20:25:27.519892"
  type: "purchase"
  Assets:Inventory:Bar     -1 COKE
  Assets:Cash:Bar           1 COKE
  Assets:Cash:Bar        2.50 EUR 
  Income:Bar            -2.50 EUR 

2021-09-04 txn "Koen bought 1 items for €2.50"
  timestamp: "2021-09-04 20:38:41.673073"
  type: "purchase"
  Assets:Inventory:Bar             -1 JUPILER
  Liabilities:Bar:Members:Koen      1 JUPILER
  Liabilities:Bar:Members:Koen   2.50 EUR    
  Income:Bar                    -2.50 EUR    

2021-09-04 txn "Sasja bought 1 items for €2.50"
  timestamp: "2021-09-04 20:56:30.499519"
  type: "purchase"
  Assets:Inventory:Bar              -1 JUPILER
  Liabilities:Bar:Members:Sasja      1 JUPILER
  Liabilities:Bar:Members:Sasja   2.50 EUR    
  Income:Bar                     -2.50 EUR    

2021-09-04 txn "On8wr bought 1 items for €3.00"
  timestamp: "2021-09-04 20:58:23.144217"
  type: "purchase"
  Assets:Inventory:Bar              -1 CIDER
  Liabilities:Bar:Members:On8wr      1 CIDER
  Liabilities:Bar:Members:On8wr   3.00 EUR  
  Income:Bar                     -3.00 EUR  

2021-09-04 txn "Koen deposited €-10.00"
  timestamp: "2021-09-04 21:22:21.930463"
  type: "deposit"
  Liabilities:Bar:Members:Koen   10.00 EUR
  Assets:Cash:Bar               -10.00 EUR

2021-09-04 txn "Koen bought 1 items for €2.50"
  timestamp: "2021-09-04 21:23:08.001153"
  type: "purchase"
  Assets:Inventory:Bar             -1 JUPILER
  Liabilities:Bar:Members:Koen      1 JUPILER
  Liabilities:Bar:Members:Koen   2.50 EUR    
  Income:Bar                    -2.50 EUR    

2021-09-04 txn "--CASH-- bought 1 items for €1.80"
  timestamp: "2021-09-04 21:35:22.000496"
  type: "purchase"
  Assets:Inventory:Bar     -1 CHIP
  Assets:Cash:Bar           1 CHIP
  Assets:Cash:Bar        1.80 EUR 
  Income:Bar            -1.80 EUR 

2021-09-04 txn "Koen bought 1 items for €2.50"
  timestamp: "2021-09-04 21:48:51.723947"
  type: "purchase"
  Assets:Inventory:Bar             -1 JUPILER
  Liabilities:Bar:Members:Koen      1 JUPILER
  Liabilities:Bar:Members:Koen   2.50 EUR    
  Income:Bar                    -2.50 EUR    

2021-09-04 txn "--CASH-- bought 2 items for €3.40"
  timestamp: "2021-09-04 21:49:31.510608"
  type: "purchase"
  Assets:Inventory:Bar     -1 AGRUMES 
  Assets:Cash:Bar           1 AGRUMES 
  Assets:Inventory:Bar     -1 SNICKERS
  Assets:Cash:Bar           1 SNICKERS
  Assets:Cash:Bar        3.40 EUR     
  Income:Bar            -3.40 EUR     

2021-09-04 txn "Bloemist bought 1 items for €2.50"
  timestamp: "2021-09-04 21:59:58.775998"
  type: "purchase"
  Assets:Inventory:Bar                 -1 ICETEA_ZERO
  Liabilities:Bar:Members:Bloemist      1 ICETEA_ZERO
  Liabilities:Bar:Members:Bloemist   2.50 EUR        
  Income:Bar                        -2.50 EUR        

2021-09-04 txn "Bloemist deposited €100.00"
  timestamp: "2021-09-04 22:08:15.983364"
  type: "deposit"
  Liabilities:Bar:Members:Bloemist  -100.00 EUR
  Assets:Cash:Bar                    100.00 EUR

2021-09-04 txn "--CASH-- bought 1 items for €2.50"
  timestamp: "2021-09-04 22:09:07.754186"
  type: "purchase"
  Assets:Inventory:Bar     -1 JUPILER
  Assets:Cash:Bar           1 JUPILER
  Assets:Cash:Bar        2.50 EUR    
  Income:Bar            -2.50 EUR    

2021-09-04 txn "--CASH-- bought 1 items for €2.50"
  timestamp: "2021-09-04 22:09:17.636764"
  type: "purchase"
  Assets:Inventory:Bar     -1 JUPILER
  Assets:Cash:Bar           1 JUPILER
  Assets:Cash:Bar        2.50 EUR    
  Income:Bar            -2.50 EUR    

2021-09-04 txn "--CASH-- bought 1 items for €3.50"
  timestamp: "2021-09-04 22:09:48.494159"
  type: "purchase"
  Assets:Inventory:Bar     -1 DUVEL
  Assets:Cash:Bar           1 DUVEL
  Assets:Cash:Bar        3.50 EUR  
  Income:Bar            -3.50 EUR  

2021-09-04 txn "Joren bought 1 items for €3.00"
  timestamp: "2021-09-04 22:11:22.035237"
  type: "purchase"
  Assets:Inventory:Bar              -1 CM 
  Liabilities:Bar:Members:Joren      1 CM 
  Liabilities:Bar:Members:Joren   3.00 EUR
  Income:Bar                     -3.00 EUR

2021-09-04 txn "Sasja bought 1 items for €1.80"
  timestamp: "2021-09-04 22:16:01.830554"
  type: "purchase"
  Assets:Inventory:Bar              -1 CHIP
  Liabilities:Bar:Members:Sasja      1 CHIP
  Liabilities:Bar:Members:Sasja   1.80 EUR 
  Income:Bar                     -1.80 EUR 

2021-09-04 txn "Els bought 1 items for €0.90"
  timestamp: "2021-09-04 22:18:09.769831"
  type: "purchase"
  Assets:Inventory:Bar            -1 KITKAT
  Liabilities:Bar:Members:Els      1 KITKAT
  Liabilities:Bar:Members:Els   0.90 EUR   
  Income:Bar                   -0.90 EUR   

2021-09-04 txn "Merlijn bought 3 items for €4.90"
  timestamp: "2021-09-04 22:23:00.621814"
  type: "purchase"
  Assets:Inventory:Bar                -1 BOUNTY
  Liabilities:Bar:Members:Merlijn      1 BOUNTY
  Assets:Inventory:Bar                -1 WATER 
  Liabilities:Bar:Members:Merlijn      1 WATER 
  Assets:Inventory:Bar                -1 FRITZ 
  Liabilities:Bar:Members:Merlijn      1 FRITZ 
  Liabilities:Bar:Members:Merlijn   4.90 EUR   
  Income:Bar                       -4.90 EUR   

2021-09-04 txn "Bertrand bought 1 items for €2.50"
  timestamp: "2021-09-04 22:36:05.575207"
  type: "purchase"
  Assets:Inventory:Bar                 -1 COKE
  Liabilities:Bar:Members:Bertrand      1 COKE
  Liabilities:Bar:Members:Bertrand   2.50 EUR 
  Income:Bar                        -2.50 EUR 

2021-09-04 txn "On8wr bought 2 items for €3.40"
  timestamp: "2021-09-04 22:49:35.324802"
  type: "purchase"
  Assets:Inventory:Bar              -1 ICETEA
  Liabilities:Bar:Members:On8wr      1 ICETEA
  Assets:Inventory:Bar              -1 BOUNTY
  Liabilities:Bar:Members:On8wr      1 BOUNTY
  Liabilities:Bar:Members:On8wr   3.40 EUR   
  Income:Bar                     -3.40 EUR   

2021-09-04 txn "Evils bought 1 items for €1.50"
  timestamp: "2021-09-04 22:49:48.527825"
  type: "purchase"
  Assets:Inventory:Bar                -1 ROM
  Liabilities:Bar:Members:Elvis        1 ROM
  Liabilities:Bar:Members:Elvis     1.50 EUR
  Liabilities:Bar:Members:Thequux  -0.50 EUR
  Income:Bar                       -1.00 EUR

2021-09-04 txn "Sander bought 1 items for €0.90"
  timestamp: "2021-09-04 22:50:10.100031"
  type: "purchase"
  Assets:Inventory:Bar               -1 BOUNTY
  Liabilities:Bar:Members:Sander      1 BOUNTY
  Liabilities:Bar:Members:Sander   0.90 EUR   
  Income:Bar                      -0.90 EUR   

2021-09-04 txn "Sasja bought 1 items for €1.50"
  timestamp: "2021-09-04 22:50:18.967783"
  type: "purchase"
  Assets:Inventory:Bar                -1 ROM
  Liabilities:Bar:Members:Sasja        1 ROM
  Liabilities:Bar:Members:Sasja     1.50 EUR
  Liabilities:Bar:Members:Thequux  -0.50 EUR
  Income:Bar                       -1.00 EUR

2021-09-04 txn "Bloemist bought 1 items for €1.50"
  timestamp: "2021-09-04 22:50:23.505334"
  type: "purchase"
  Assets:Inventory:Bar                 -1 ROM
  Liabilities:Bar:Members:Bloemist      1 ROM
  Liabilities:Bar:Members:Bloemist   1.50 EUR
  Liabilities:Bar:Members:Thequux   -0.50 EUR
  Income:Bar                        -1.00 EUR

2021-09-04 txn "Joren bought 1 items for €2.50"
  timestamp: "2021-09-04 22:50:37.593199"
  type: "purchase"
  Assets:Inventory:Bar              -1 JUPILER
  Liabilities:Bar:Members:Joren      1 JUPILER
  Liabilities:Bar:Members:Joren   2.50 EUR    
  Income:Bar                     -2.50 EUR    

2021-09-04 txn "Fearless bought 2 items for €3.60"
  timestamp: "2021-09-04 22:52:39.914167"
  type: "purchase"
  Assets:Inventory:Bar                 -2 CHIP
  Liabilities:Bar:Members:Fearless      2 CHIP
  Liabilities:Bar:Members:Fearless   3.60 EUR 
  Income:Bar                        -3.60 EUR 

2021-09-04 txn "Sander bought 1 items for €0.90"
  timestamp: "2021-09-04 23:09:30.689323"
  type: "purchase"
  Assets:Inventory:Bar               -1 BOUNTY
  Liabilities:Bar:Members:Sander      1 BOUNTY
  Liabilities:Bar:Members:Sander   0.90 EUR   
  Income:Bar                      -0.90 EUR   

2021-09-04 txn "Evils bought 1 items for €0.90"
  timestamp: "2021-09-04 23:11:32.726529"
  type: "purchase"
  Assets:Inventory:Bar              -1 MARS
  Liabilities:Bar:Members:Elvis      1 MARS
  Liabilities:Bar:Members:Elvis   0.90 EUR 
  Income:Bar                     -0.90 EUR 

2021-09-04 txn "Merlijn bought 1 items for €1.80"
  timestamp: "2021-09-04 23:27:50.720441"
  type: "purchase"
  Assets:Inventory:Bar                -1 CHIP
  Liabilities:Bar:Members:Merlijn      1 CHIP
  Liabilities:Bar:Members:Merlijn   1.80 EUR 
  Income:Bar                       -1.80 EUR 

2021-09-04 txn "Bloemist bought 1 items for €1.80"
  timestamp: "2021-09-04 23:41:21.995187"
  type: "purchase"
  Assets:Inventory:Bar                 -1 CHIP
  Liabilities:Bar:Members:Bloemist      1 CHIP
  Liabilities:Bar:Members:Bloemist   1.80 EUR 
  Income:Bar                        -1.80 EUR 

2021-09-04 txn "qwaxys bought 1 items for €1.80"
  timestamp: "2021-09-04 23:50:16.011660"
  type: "purchase"
  Assets:Inventory:Bar             -1 CHIP
  Liabilities:Bar:Members:Bart      1 CHIP
  Liabilities:Bar:Members:Bart   1.80 EUR 
  Income:Bar                    -1.80 EUR 

2021-09-05 txn "Carro​armato0 bought 2 items for €2.70"
  timestamp: "2021-09-05 09:01:20.015407"
  type: "purchase"
  Assets:Inventory:Bar                     -1 CHIP    
  Liabilities:Bar:Members:Carroarmato0      1 CHIP    
  Assets:Inventory:Bar                     -1 SNICKERS
  Liabilities:Bar:Members:Carroarmato0      1 SNICKERS
  Liabilities:Bar:Members:Carroarmato0   2.70 EUR     
  Income:Bar                            -2.70 EUR     

2021-09-05 txn "Carro​armato0 bought 1 items for €2.50"
  timestamp: "2021-09-05 09:15:07.342591"
  type: "purchase"
  Assets:Inventory:Bar                     -1 ICETEA
  Liabilities:Bar:Members:Carroarmato0      1 ICETEA
  Liabilities:Bar:Members:Carroarmato0   2.50 EUR   
  Income:Bar                            -2.50 EUR   

2021-09-05 txn "Mitch bought 1 items for €2.50"
  timestamp: "2021-09-05 09:18:31.926413"
  type: "purchase"
  Assets:Inventory:Bar              -1 AGRUMES
  Liabilities:Bar:Members:Mitch      1 AGRUMES
  Liabilities:Bar:Members:Mitch   2.50 EUR    
  Income:Bar                     -2.50 EUR    

2021-09-05 txn "Erwin bought 1 items for €3.00"
  timestamp: "2021-09-05 09:30:25.842131"
  type: "purchase"
  Assets:Inventory:Bar              -1 CMRED
  Liabilities:Bar:Members:Erwin      1 CMRED
  Liabilities:Bar:Members:Erwin   3.00 EUR  
  Income:Bar                     -3.00 EUR  

2021-09-05 txn "Erwin deposited €6.50"
  timestamp: "2021-09-05 09:31:32.555744"
  type: "deposit"
  Liabilities:Bar:Members:Erwin  -6.50 EUR
  Assets:Cash:Bar                 6.50 EUR

2021-09-05 txn "--CASH-- bought 1 items for €2.50"
  timestamp: "2021-09-05 10:03:03.887897"
  type: "purchase"
  Assets:Inventory:Bar     -1 COKE
  Assets:Cash:Bar           1 COKE
  Assets:Cash:Bar        2.50 EUR 
  Income:Bar            -2.50 EUR 

2021-09-05 txn "--CASH-- bought 2 items for €6.00"
  timestamp: "2021-09-05 10:05:21.189530"
  type: "purchase"
  Assets:Inventory:Bar     -2 CM 
  Assets:Cash:Bar           2 CM 
  Assets:Cash:Bar        6.00 EUR
  Income:Bar            -6.00 EUR

2021-09-05 txn "--CASH-- bought 1 items for €3.00"
  timestamp: "2021-09-05 10:17:15.484010"
  type: "purchase"
  Assets:Inventory:Bar     -1 CM 
  Assets:Cash:Bar           1 CM 
  Assets:Cash:Bar        3.00 EUR
  Income:Bar            -3.00 EUR

2021-09-05 txn "--CASH-- bought 1 items for €3.00"
  timestamp: "2021-09-05 10:52:02.739514"
  type: "purchase"
  Assets:Inventory:Bar     -1 FLORA
  Assets:Cash:Bar           1 FLORA
  Assets:Cash:Bar        3.00 EUR  
  Income:Bar            -3.00 EUR  

2021-09-05 txn "--CASH-- bought 1 items for €3.00"
  timestamp: "2021-09-05 11:10:03.173862"
  type: "purchase"
  Assets:Inventory:Bar     -1 CM 
  Assets:Cash:Bar           1 CM 
  Assets:Cash:Bar        3.00 EUR
  Income:Bar            -3.00 EUR

2021-09-05 txn "--CASH-- bought 1 items for €3.00"
  timestamp: "2021-09-05 11:10:54.138585"
  type: "purchase"
  Assets:Inventory:Bar     -1 FLORA
  Assets:Cash:Bar           1 FLORA
  Assets:Cash:Bar        3.00 EUR  
  Income:Bar            -3.00 EUR  

2021-09-05 txn "Renze bought 1 items for €3.00"
  timestamp: "2021-09-05 11:12:58.648198"
  type: "purchase"
  Assets:Inventory:Bar              -1 CM 
  Liabilities:Bar:Members:Renze      1 CM 
  Liabilities:Bar:Members:Renze   3.00 EUR
  Income:Bar                     -3.00 EUR

2021-09-05 txn "Jenny bought 1 items for €3.00"
  timestamp: "2021-09-05 11:13:08.675885"
  type: "purchase"
  Assets:Inventory:Bar              -1 CM 
  Liabilities:Bar:Members:Jenny      1 CM 
  Liabilities:Bar:Members:Jenny   3.00 EUR
  Income:Bar                     -3.00 EUR

2021-09-05 txn "Mitch bought 1 items for €2.50"
  timestamp: "2021-09-05 11:59:35.230122"
  type: "purchase"
  Assets:Inventory:Bar              -1 SCHWEPPES
  Liabilities:Bar:Members:Mitch      1 SCHWEPPES
  Liabilities:Bar:Members:Mitch   2.50 EUR      
  Income:Bar                     -2.50 EUR      

2021-09-05 txn "Renze bought 1 items for €3.00"
  timestamp: "2021-09-05 12:11:50.892005"
  type: "purchase"
  Assets:Inventory:Bar              -1 FRITZ
  Liabilities:Bar:Members:Renze      1 FRITZ
  Liabilities:Bar:Members:Renze   3.00 EUR  
  Income:Bar                     -3.00 EUR  

2021-09-05 txn "Stefaan bought 2 items for €3.40"
  timestamp: "2021-09-05 12:23:01.124382"
  type: "purchase"
  Assets:Inventory:Bar                -1 FANTA 
  Liabilities:Bar:Members:Stefaan      1 FANTA 
  Assets:Inventory:Bar                -1 KITKAT
  Liabilities:Bar:Members:Stefaan      1 KITKAT
  Liabilities:Bar:Members:Stefaan   3.40 EUR   
  Income:Bar                       -3.40 EUR   

2021-09-05 txn "Stefaan deposited €20.00"
  timestamp: "2021-09-05 12:23:37.627720"
  type: "deposit"
  Liabilities:Bar:Members:Stefaan  -20.00 EUR
  Assets:Cash:Bar                   20.00 EUR

2021-09-05 txn "--CASH-- bought 1 items for €0.90"
  timestamp: "2021-09-05 12:25:37.507723"
  type: "purchase"
  Assets:Inventory:Bar     -1 BOUNTY
  Assets:Cash:Bar           1 BOUNTY
  Assets:Cash:Bar        0.90 EUR   
  Income:Bar            -0.90 EUR   

2021-09-05 txn "--CASH-- bought 1 items for €3.00"
  timestamp: "2021-09-05 12:26:29.966237"
  type: "purchase"
  Assets:Inventory:Bar     -1 FLORA
  Assets:Cash:Bar           1 FLORA
  Assets:Cash:Bar        3.00 EUR  
  Income:Bar            -3.00 EUR  

2021-09-05 txn "Bloemist bought 1 items for €0.90"
  timestamp: "2021-09-05 12:27:35.027869"
  type: "purchase"
  Assets:Inventory:Bar                 -1 TWIX
  Liabilities:Bar:Members:Bloemist      1 TWIX
  Liabilities:Bar:Members:Bloemist   0.90 EUR 
  Income:Bar                        -0.90 EUR 

2021-09-05 txn "Jenny bought 2 items for €4.50"
  timestamp: "2021-09-05 12:33:05.518411"
  type: "purchase"
  Assets:Inventory:Bar                -1 FRITZ
  Liabilities:Bar:Members:Jenny        1 FRITZ
  Assets:Inventory:Bar                -1 ROM  
  Liabilities:Bar:Members:Jenny        1 ROM  
  Liabilities:Bar:Members:Jenny     4.50 EUR  
  Liabilities:Bar:Members:Thequux  -0.50 EUR  
  Income:Bar                       -4.00 EUR  

2021-09-05 txn "Els bought 2 items for €3.90"
  timestamp: "2021-09-05 12:35:34.708066"
  type: "purchase"
  Assets:Inventory:Bar            -1 FRITZ   
  Liabilities:Bar:Members:Els      1 FRITZ   
  Assets:Inventory:Bar            -1 SNICKERS
  Liabilities:Bar:Members:Els      1 SNICKERS
  Liabilities:Bar:Members:Els   3.90 EUR     
  Income:Bar                   -3.90 EUR     

2021-09-05 txn "Carro​armato0 bought 1 items for €2.00"
  timestamp: "2021-09-05 12:36:52.166578"
  type: "purchase"
  Assets:Inventory:Bar                     -1 FOOD_CUP
  Liabilities:Bar:Members:Carroarmato0      1 FOOD_CUP
  Liabilities:Bar:Members:Carroarmato0   2.00 EUR     
  Income:Bar                            -2.00 EUR     

2021-09-05 txn "--CASH-- bought 1 items for €3.00"
  timestamp: "2021-09-05 12:37:01.304056"
  type: "purchase"
  Assets:Inventory:Bar     -1 CM 
  Assets:Cash:Bar           1 CM 
  Assets:Cash:Bar        3.00 EUR
  Income:Bar            -3.00 EUR

2021-09-05 txn "Sasja bought 1 items for €20.00"
  timestamp: "2021-09-05 12:38:28.112006"
  type: "purchase"
  Assets:Inventory:Bar               -1 TSHIRT
  Liabilities:Bar:Members:Sasja       1 TSHIRT
  Liabilities:Bar:Members:Sasja   20.00 EUR   
  Income:Bar                     -20.00 EUR   

2021-09-05 txn "Sasja bought 1 items for €3.00"
  timestamp: "2021-09-05 12:38:44.590318"
  type: "purchase"
  Assets:Inventory:Bar              -1 FLORA
  Liabilities:Bar:Members:Sasja      1 FLORA
  Liabilities:Bar:Members:Sasja   3.00 EUR  
  Income:Bar                     -3.00 EUR  

2021-09-05 txn "Jenny bought 1 items for €1.80"
  timestamp: "2021-09-05 12:43:29.856760"
  type: "purchase"
  Assets:Inventory:Bar              -1 CHIP
  Liabilities:Bar:Members:Jenny      1 CHIP
  Liabilities:Bar:Members:Jenny   1.80 EUR 
  Income:Bar                     -1.80 EUR 

2021-09-05 txn "Carro​armato0 bought 1 items for €2.00"
  timestamp: "2021-09-05 12:48:59.231724"
  type: "purchase"
  Assets:Inventory:Bar                     -1 FOOD_CUP
  Liabilities:Bar:Members:Carroarmato0      1 FOOD_CUP
  Liabilities:Bar:Members:Carroarmato0   2.00 EUR     
  Income:Bar                            -2.00 EUR     

2021-09-05 txn "Carro​armato0 deposited €30.00"
  timestamp: "2021-09-05 12:57:01.559788"
  type: "deposit"
  Liabilities:Bar:Members:Carroarmato0  -30.00 EUR
  Assets:Cash:Bar                        30.00 EUR

2021-09-05 txn "Carro​armato0 bought 1 items for €3.00"
  timestamp: "2021-09-05 12:57:26.692067"
  type: "purchase"
  Assets:Inventory:Bar                     -1 FLORA
  Liabilities:Bar:Members:Carroarmato0      1 FLORA
  Liabilities:Bar:Members:Carroarmato0   3.00 EUR  
  Income:Bar                            -3.00 EUR  

2021-09-05 txn "Carro​armato0 bought 1 items for €0.90"
  timestamp: "2021-09-05 12:58:01.580071"
  type: "purchase"
  Assets:Inventory:Bar                     -1 TWIX
  Liabilities:Bar:Members:Carroarmato0      1 TWIX
  Liabilities:Bar:Members:Carroarmato0   0.90 EUR 
  Income:Bar                            -0.90 EUR 

2021-09-05 txn "--CASH-- bought 1 items for €0.90"
  timestamp: "2021-09-05 13:11:38.951863"
  type: "purchase"
  Assets:Inventory:Bar     -1 SNACK
  Assets:Cash:Bar           1 SNACK
  Assets:Cash:Bar        0.90 EUR  
  Income:Bar            -0.90 EUR  

2021-09-05 txn "Els bought 1 items for €1.80"
  timestamp: "2021-09-05 13:34:06.671807"
  type: "purchase"
  Assets:Inventory:Bar            -1 CHIP
  Liabilities:Bar:Members:Els      1 CHIP
  Liabilities:Bar:Members:Els   1.80 EUR 
  Income:Bar                   -1.80 EUR 

2021-09-05 txn "Els deposited €100.00"
  timestamp: "2021-09-05 13:34:38.583441"
  type: "deposit"
  Liabilities:Bar:Members:Els  -100.00 EUR
  Assets:Cash:Bar               100.00 EUR

2021-09-05 txn "Renze bought 3 items for €5.40"
  timestamp: "2021-09-05 13:41:12.488465"
  type: "purchase"
  Assets:Inventory:Bar              -3 CHIP
  Liabilities:Bar:Members:Renze      3 CHIP
  Liabilities:Bar:Members:Renze   5.40 EUR 
  Income:Bar                     -5.40 EUR 

2021-09-05 txn "Els bought 2 items for €4.30"
  timestamp: "2021-09-05 13:44:49.509900"
  type: "purchase"
  Assets:Inventory:Bar            -1 COKE
  Liabilities:Bar:Members:Els      1 COKE
  Assets:Inventory:Bar            -1 CHIP
  Liabilities:Bar:Members:Els      1 CHIP
  Liabilities:Bar:Members:Els   4.30 EUR 
  Income:Bar                   -4.30 EUR 

2021-09-05 txn "Erwin bought 1 items for €3.00"
  timestamp: "2021-09-05 13:45:44.511754"
  type: "purchase"
  Assets:Inventory:Bar              -1 FRITZ
  Liabilities:Bar:Members:Erwin      1 FRITZ
  Liabilities:Bar:Members:Erwin   3.00 EUR  
  Income:Bar                     -3.00 EUR  

2021-09-05 txn "Ljaytee bought 2 items for €4.80"
  timestamp: "2021-09-05 13:54:03.524522"
  type: "purchase"
  Assets:Inventory:Bar                -1 FRITZ
  Liabilities:Bar:Members:Ljaytee      1 FRITZ
  Assets:Inventory:Bar                -1 CHIP 
  Liabilities:Bar:Members:Ljaytee      1 CHIP 
  Liabilities:Bar:Members:Ljaytee   4.80 EUR  
  Income:Bar                       -4.80 EUR  

2021-09-05 txn "Stefaan bought 1 items for €0.90"
  timestamp: "2021-09-05 13:54:24.463366"
  type: "purchase"
  Assets:Inventory:Bar                -1 KITKAT
  Liabilities:Bar:Members:Stefaan      1 KITKAT
  Liabilities:Bar:Members:Stefaan   0.90 EUR   
  Income:Bar                       -0.90 EUR   

2021-09-05 txn "Jenny bought 1 items for €3.00"
  timestamp: "2021-09-05 14:00:37.064896"
  type: "purchase"
  Assets:Inventory:Bar              -1 FRITZ
  Liabilities:Bar:Members:Jenny      1 FRITZ
  Liabilities:Bar:Members:Jenny   3.00 EUR  
  Income:Bar                     -3.00 EUR  

2021-09-05 txn "--CASH-- bought 1 items for €2.00"
  timestamp: "2021-09-05 14:07:07.695031"
  type: "purchase"
  Assets:Inventory:Bar     -1 FOOD_CUP
  Assets:Cash:Bar           1 FOOD_CUP
  Assets:Cash:Bar        2.00 EUR     
  Income:Bar            -2.00 EUR     

2021-09-05 txn "Sasja bought 3 items for €25.50"
  timestamp: "2021-09-05 14:09:14.343469"
  type: "purchase"
  Assets:Inventory:Bar               -1 TSHIRT   
  Liabilities:Bar:Members:Sasja       1 TSHIRT   
  Assets:Inventory:Bar               -1 FLORA    
  Liabilities:Bar:Members:Sasja       1 FLORA    
  Assets:Inventory:Bar               -1 COKE_ZERO
  Liabilities:Bar:Members:Sasja       1 COKE_ZERO
  Liabilities:Bar:Members:Sasja   25.50 EUR      
  Income:Bar                     -25.50 EUR      

2021-09-05 txn "TQ bought 1 items for €2.50"
  timestamp: "2021-09-05 14:09:25.714629"
  type: "purchase"
  Assets:Inventory:Bar                -1 JUPILER
  Liabilities:Bar:Members:Thequux      1 JUPILER
  Liabilities:Bar:Members:Thequux   2.50 EUR    
  Income:Bar                       -2.50 EUR    

2021-09-05 txn "Stefaan bought 1 items for €0.90"
  timestamp: "2021-09-05 14:12:10.063776"
  type: "purchase"
  Assets:Inventory:Bar                -1 KITKAT
  Liabilities:Bar:Members:Stefaan      1 KITKAT
  Liabilities:Bar:Members:Stefaan   0.90 EUR   
  Income:Bar                       -0.90 EUR   

2021-09-05 txn "Els bought 1 items for €2.50"
  timestamp: "2021-09-05 14:17:18.753343"
  type: "purchase"
  Assets:Inventory:Bar            -1 SCHWEPPES
  Liabilities:Bar:Members:Els      1 SCHWEPPES
  Liabilities:Bar:Members:Els   2.50 EUR      
  Income:Bar                   -2.50 EUR      

2021-09-05 txn "Ljaytee bought 2 items for €3.40"
  timestamp: "2021-09-05 14:18:47.506359"
  type: "purchase"
  Assets:Inventory:Bar                -1 KRIEK
  Liabilities:Bar:Members:Ljaytee      1 KRIEK
  Assets:Inventory:Bar                -1 MARS 
  Liabilities:Bar:Members:Ljaytee      1 MARS 
  Liabilities:Bar:Members:Ljaytee   3.40 EUR  
  Income:Bar                       -3.40 EUR  

2021-09-05 txn "Renze bought 1 items for €3.00"
  timestamp: "2021-09-05 14:30:29.867745"
  type: "purchase"
  Assets:Inventory:Bar              -1 CM 
  Liabilities:Bar:Members:Renze      1 CM 
  Liabilities:Bar:Members:Renze   3.00 EUR
  Income:Bar                     -3.00 EUR

2021-09-05 txn "qwaxys bought 2 items for €6.00"
  timestamp: "2021-09-05 14:39:44.506636"
  type: "purchase"
  Assets:Inventory:Bar             -2 FRITZ
  Liabilities:Bar:Members:Bart      2 FRITZ
  Liabilities:Bar:Members:Bart   6.00 EUR  
  Income:Bar                    -6.00 EUR  

2021-09-05 txn "On8wr bought 1 items for €3.00"
  timestamp: "2021-09-05 15:01:48.349086"
  type: "purchase"
  Assets:Inventory:Bar              -1 FRITZ_ZERO
  Liabilities:Bar:Members:On8wr      1 FRITZ_ZERO
  Liabilities:Bar:Members:On8wr   3.00 EUR       
  Income:Bar                     -3.00 EUR       

2021-09-05 txn "--CASH-- bought 1 items for €3.00"
  timestamp: "2021-09-05 15:02:35.963770"
  type: "purchase"
  Assets:Inventory:Bar     -1 FRITZ
  Assets:Cash:Bar           1 FRITZ
  Assets:Cash:Bar        3.00 EUR  
  Income:Bar            -3.00 EUR  

2021-09-05 txn "Carro​armato0 bought 1 items for €1.80"
  timestamp: "2021-09-05 15:02:46.478277"
  type: "purchase"
  Assets:Inventory:Bar                     -1 CHIP
  Liabilities:Bar:Members:Carroarmato0      1 CHIP
  Liabilities:Bar:Members:Carroarmato0   1.80 EUR 
  Income:Bar                            -1.80 EUR 

2021-09-05 txn "Jenny bought 1 items for €3.50"
  timestamp: "2021-09-05 15:03:12.509199"
  type: "purchase"
  Assets:Inventory:Bar              -1 DUVEL
  Liabilities:Bar:Members:Jenny      1 DUVEL
  Liabilities:Bar:Members:Jenny   3.50 EUR  
  Income:Bar                     -3.50 EUR  

2021-09-05 txn "Renze bought 1 items for €3.50"
  timestamp: "2021-09-05 15:03:19.426858"
  type: "purchase"
  Assets:Inventory:Bar              -1 DUVEL
  Liabilities:Bar:Members:Renze      1 DUVEL
  Liabilities:Bar:Members:Renze   3.50 EUR  
  Income:Bar                     -3.50 EUR  

2021-09-05 txn "Jenny bought 1 items for €3.50"
  timestamp: "2021-09-05 15:03:39.755805"
  type: "purchase"
  Assets:Inventory:Bar              -1 DUVEL
  Liabilities:Bar:Members:Jenny      1 DUVEL
  Liabilities:Bar:Members:Jenny   3.50 EUR  
  Income:Bar                     -3.50 EUR  

2021-09-05 txn "qwaxys bought 1 items for €1.80"
  timestamp: "2021-09-05 15:19:12.525619"
  type: "purchase"
  Assets:Inventory:Bar             -1 CHIP
  Liabilities:Bar:Members:Bart      1 CHIP
  Liabilities:Bar:Members:Bart   1.80 EUR 
  Income:Bar                    -1.80 EUR 

2021-09-05 txn "Bloemist bought 1 items for €2.50"
  timestamp: "2021-09-05 15:20:50.223986"
  type: "purchase"
  Assets:Inventory:Bar                 -1 JUPILER
  Liabilities:Bar:Members:Bloemist      1 JUPILER
  Liabilities:Bar:Members:Bloemist   2.50 EUR    
  Income:Bar                        -2.50 EUR    

2021-09-05 txn "HansA bought 1 items for €2.50"
  timestamp: "2021-09-05 15:40:05.236951"
  type: "purchase"
  Assets:Inventory:Bar              -1 ICETEA
  Liabilities:Bar:Members:HansA      1 ICETEA
  Liabilities:Bar:Members:HansA   2.50 EUR   
  Income:Bar                     -2.50 EUR   

2021-09-05 txn "HansA bought 1 items for €2.50"
  timestamp: "2021-09-05 15:46:43.181454"
  type: "purchase"
  Assets:Inventory:Bar              -1 ICETEA_ZERO
  Liabilities:Bar:Members:HansA      1 ICETEA_ZERO
  Liabilities:Bar:Members:HansA   2.50 EUR        
  Income:Bar                     -2.50 EUR        

2021-09-05 txn "On8wr bought 1 items for €0.90"
  timestamp: "2021-09-05 15:57:13.916158"
  type: "purchase"
  Assets:Inventory:Bar              -1 BOUNTY
  Liabilities:Bar:Members:On8wr      1 BOUNTY
  Liabilities:Bar:Members:On8wr   0.90 EUR   
  Income:Bar                     -0.90 EUR   

2021-09-05 txn "On8wr bought 1 items for €3.00"
  timestamp: "2021-09-05 15:57:20.859347"
  type: "purchase"
  Assets:Inventory:Bar              -1 CM 
  Liabilities:Bar:Members:On8wr      1 CM 
  Liabilities:Bar:Members:On8wr   3.00 EUR
  Income:Bar                     -3.00 EUR

2021-09-05 txn "Bloemist bought 1 items for €2.50"
  timestamp: "2021-09-05 16:13:13.523070"
  type: "purchase"
  Assets:Inventory:Bar                 -1 COKE
  Liabilities:Bar:Members:Bloemist      1 COKE
  Liabilities:Bar:Members:Bloemist   2.50 EUR 
  Income:Bar                        -2.50 EUR 

2021-09-05 txn "Renze gave TQ a gift of €10.00"
  timestamp: "2021-09-05 16:24:21.794981"
  type: "transfer"
  Liabilities:Bar:Members:Renze     10.00 EUR
  Liabilities:Bar:Members:Thequux  -10.00 EUR

2021-09-05 txn "Jenny deposited €15.00"
  timestamp: "2021-09-05 16:25:44.234981"
  type: "deposit"
  Liabilities:Bar:Members:Jenny  -15.00 EUR
  Assets:Cash:Bar                 15.00 EUR

2021-09-05 txn "Jenny gave TQ a gift of €10.00"
  timestamp: "2021-09-05 16:26:36.918869"
  type: "transfer"
  Liabilities:Bar:Members:Jenny     10.00 EUR
  Liabilities:Bar:Members:Thequux  -10.00 EUR

2021-09-05 txn "Fearless gave Evils a gift of €1.00"
  timestamp: "2021-09-05 16:27:02.353724"
  type: "transfer"
  Liabilities:Bar:Members:Fearless   1.00 EUR
  Liabilities:Bar:Members:Elvis     -1.00 EUR

2021-09-05 txn "Fearless deposited €-4.00"
  timestamp: "2021-09-05 16:27:18.583735"
  type: "deposit"
  Liabilities:Bar:Members:Fearless   4.00 EUR
  Assets:Cash:Bar                   -4.00 EUR

2021-09-05 txn "HansA bought 2 items for €6.00"
  timestamp: "2021-09-05 16:27:48.501729"
  type: "purchase"
  Assets:Inventory:Bar              -1 CIDER
  Liabilities:Bar:Members:HansA      1 CIDER
  Assets:Inventory:Bar              -1 CMRED
  Liabilities:Bar:Members:HansA      1 CMRED
  Liabilities:Bar:Members:HansA   6.00 EUR  
  Income:Bar                     -6.00 EUR  

2021-09-05 txn "Evils deposited €1.00"
  timestamp: "2021-09-05 16:28:08.213154"
  type: "deposit"
  Liabilities:Bar:Members:Elvis  -1.00 EUR
  Assets:Cash:Bar                 1.00 EUR

2021-09-05 txn "Ljaytee bought 2 items for €4.50"
  timestamp: "2021-09-05 16:31:45.784195"
  type: "purchase"
  Assets:Inventory:Bar                -1 KRIEK   
  Liabilities:Bar:Members:Ljaytee      1 KRIEK   
  Assets:Inventory:Bar                -1 FOOD_CUP
  Liabilities:Bar:Members:Ljaytee      1 FOOD_CUP
  Liabilities:Bar:Members:Ljaytee   4.50 EUR     
  Income:Bar                       -4.50 EUR     

2021-09-05 txn "Evils deposited €-4.00"
  timestamp: "2021-09-05 16:34:01.048510"
  type: "deposit"
  Liabilities:Bar:Members:Elvis   4.00 EUR
  Assets:Cash:Bar                -4.00 EUR

2021-09-05 txn "Jenny bought 1 items for €3.00"
  timestamp: "2021-09-05 16:35:13.248340"
  type: "purchase"
  Assets:Inventory:Bar              -1 FRITZ
  Liabilities:Bar:Members:Jenny      1 FRITZ
  Liabilities:Bar:Members:Jenny   3.00 EUR  
  Income:Bar                     -3.00 EUR  

2021-09-05 txn "Sasja bought 1 items for €2.50"
  timestamp: "2021-09-05 16:45:48.491101"
  type: "purchase"
  Assets:Inventory:Bar              -1 JUPILER
  Liabilities:Bar:Members:Sasja      1 JUPILER
  Liabilities:Bar:Members:Sasja   2.50 EUR    
  Income:Bar                     -2.50 EUR    

2021-09-05 txn "Sasja deposited €60.00"
  timestamp: "2021-09-05 16:46:35.375768"
  type: "deposit"
  Liabilities:Bar:Members:Sasja  -60.00 EUR
  Assets:Cash:Bar                 60.00 EUR

2021-09-05 txn "Sasja deposited €-20.00"
  timestamp: "2021-09-05 16:51:24.325758"
  type: "deposit"
  Liabilities:Bar:Members:Sasja   20.00 EUR
  Assets:Cash:Bar                -20.00 EUR

2021-09-05 txn "Els bought 1 items for €2.00"
  timestamp: "2021-09-05 17:02:48.405815"
  type: "purchase"
  Assets:Inventory:Bar            -1 FOOD_CUP
  Liabilities:Bar:Members:Els      1 FOOD_CUP
  Liabilities:Bar:Members:Els   2.00 EUR     
  Income:Bar                   -2.00 EUR     

