
1970-01-01 txn "Initial balance transfer for Liabilities:Bar:Members:Bloemist"
  Liabilities:Bar:Members:Bloemist   5.30 EUR
  Assets:InitialBalances            -5.30 EUR

1970-01-01 txn "Initial balance transfer for Liabilities:Bar:Members:Koen"
  Liabilities:Bar:Members:Koen  -0.50 EUR
  Assets:InitialBalances         0.50 EUR

1970-01-01 txn "Initial balance transfer for Liabilities:Bar:Members:Bart"
  Liabilities:Bar:Members:Bart  -11.80 EUR
  Assets:InitialBalances         11.80 EUR

1970-01-01 txn "Initial balance transfer for Liabilities:Bar:Members:Sasja"
  Liabilities:Bar:Members:Sasja  -19.10 EUR
  Assets:InitialBalances          19.10 EUR

1970-01-01 txn "Initial balance transfer for Liabilities:Bar:Members:Joris"
  Liabilities:Bar:Members:Joris   5.00 EUR
  Assets:InitialBalances         -5.00 EUR

1970-01-01 txn "Initial balance transfer for Liabilities:Bar:Members:Superpumpie"
  Liabilities:Bar:Members:Superpumpie   1.50 EUR
  Assets:InitialBalances               -1.50 EUR

1970-01-01 txn "Initial balance transfer for Liabilities:Bar:Members:Ewaut"
  Liabilities:Bar:Members:Ewaut  -6.50 EUR
  Assets:InitialBalances          6.50 EUR

1970-01-01 txn "Initial balance transfer for Liabilities:Bar:Members:Elvis"
  Liabilities:Bar:Members:Elvis  -4.50 EUR
  Assets:InitialBalances          4.50 EUR

1970-01-01 txn "Initial balance transfer for Liabilities:Bar:Members:Merlijn"
  Liabilities:Bar:Members:Merlijn  -27.75 EUR
  Assets:InitialBalances            27.75 EUR

1970-01-01 txn "Initial balance transfer for Liabilities:Bar:Members:Bert"
  Liabilities:Bar:Members:Bert  -1.20 EUR
  Assets:InitialBalances         1.20 EUR

1970-01-01 txn "Initial balance transfer for Liabilities:Bar:Members:Enzian"
  Liabilities:Bar:Members:Enzian  -8.50 EUR
  Assets:InitialBalances           8.50 EUR

1970-01-01 txn "Initial balance transfer for Liabilities:Bar:Members:Thijs"
  Liabilities:Bar:Members:Thijs  -7.15 EUR
  Assets:InitialBalances          7.15 EUR

1970-01-01 txn "Initial balance transfer for Liabilities:Bar:Members:Els"
  Liabilities:Bar:Members:Els  -37.20 EUR
  Assets:InitialBalances        37.20 EUR

1970-01-01 txn "Initial balance transfer for Liabilities:Bar:Members:Ruben"
  Liabilities:Bar:Members:Ruben  -6.00 EUR
  Assets:InitialBalances          6.00 EUR

1970-01-01 txn "Initial balance transfer for Liabilities:Bar:Members:Mimor"
  Liabilities:Bar:Members:Mimor  -18.00 EUR
  Assets:InitialBalances          18.00 EUR

1970-01-01 txn "Initial balance transfer for Liabilities:Bar:Members:Joren"
  Liabilities:Bar:Members:Joren  -9.60 EUR
  Assets:InitialBalances          9.60 EUR

1970-01-01 txn "Initial balance transfer for Liabilities:Bar:Members:Abe"
  Liabilities:Bar:Members:Abe  -4.25 EUR
  Assets:InitialBalances        4.25 EUR

1970-01-01 txn "Initial balance transfer for Liabilities:Bar:Members:Sandb"
  Liabilities:Bar:Members:Sandb  -5.00 EUR
  Assets:InitialBalances          5.00 EUR

2016-10-27 txn "Bloemist deposited EUR 0.20 and has now EUR -5.10"
  Liabilities:Bar:Members:Bloemist  -0.20 EUR
  Assets:Cash:Bar                    0.20 EUR

2016-10-27 txn "Koen bought 1 product (-1.50) and has EUR -1.00 left"
  Liabilities:Bar:Members:Koen   1.50 EUR   
  Income:Bar                    -1.50 EUR   
  Assets:Inventory:Bar             -1 ICETEA
  Liabilities:Bar:Members:Koen      1 ICETEA

2016-10-27 txn "bart bought 2 products (-3.50) and has EUR 8.30 left"
  Liabilities:Bar:Members:Bart   3.50 EUR    
  Income:Bar                    -3.50 EUR    
  Assets:Inventory:Bar             -1 DUVEL  
  Liabilities:Bar:Members:Bart      1 DUVEL  
  Assets:Inventory:Bar             -1 JUPILER
  Liabilities:Bar:Members:Bart      1 JUPILER

2016-10-27 txn "alex bought 3 products (-4.50) and has EUR 14.60 left"
  Liabilities:Bar:Members:Sasja   4.50 EUR    
  Income:Bar                     -4.50 EUR    
  Assets:Inventory:Bar              -3 JUPILER
  Liabilities:Bar:Members:Sasja      3 JUPILER

2016-10-27 txn "joris bought 1 product (-2.00) and has EUR -7.00 left"
  Liabilities:Bar:Members:Joris   2.00 EUR  
  Income:Bar                     -2.00 EUR  
  Assets:Inventory:Bar              -1 DUVEL
  Liabilities:Bar:Members:Joris      1 DUVEL

2016-10-27 txn "alex bought 2 products (-3.00) and has EUR 11.60 left"
  Liabilities:Bar:Members:Sasja   3.00 EUR    
  Income:Bar                     -3.00 EUR    
  Assets:Inventory:Bar              -1 JUPILER
  Liabilities:Bar:Members:Sasja      1 JUPILER
  Assets:Inventory:Bar              -1 ICETEA 
  Liabilities:Bar:Members:Sasja      1 ICETEA 

2016-10-27 txn "Tom deposited EUR 10.00 and has now EUR 8.50"
  Liabilities:Bar:Members:Superpumpie  -10.00 EUR
  Assets:Cash:Bar                       10.00 EUR

2016-10-27 txn "Tom bought 1 product (-1.50) and has EUR 7.00 left"
  Liabilities:Bar:Members:Superpumpie   1.50 EUR   
  Income:Bar                           -1.50 EUR   
  Assets:Inventory:Bar                    -1 ICETEA
  Liabilities:Bar:Members:Superpumpie      1 ICETEA

2016-10-27 txn "joris deposited EUR 20.00 and has now EUR 13.00"
  Liabilities:Bar:Members:Joris  -20.00 EUR
  Assets:Cash:Bar                 20.00 EUR

2016-10-27 txn "joris bought 2 products (-3.50) and has EUR 9.50 left"
  Liabilities:Bar:Members:Joris   3.50 EUR    
  Income:Bar                     -3.50 EUR    
  Assets:Inventory:Bar              -1 DUVEL  
  Liabilities:Bar:Members:Joris      1 DUVEL  
  Assets:Inventory:Bar              -1 JUPILER
  Liabilities:Bar:Members:Joris      1 JUPILER

2016-10-27 txn "sasja bought 1 product (-1.50) and has EUR 10.10 left"
  Liabilities:Bar:Members:Sasja   1.50 EUR    
  Income:Bar                     -1.50 EUR    
  Assets:Inventory:Bar              -1 JUPILER
  Liabilities:Bar:Members:Sasja      1 JUPILER

2016-10-27 txn "ewaut bought 1 product (-1.50) and has EUR 5.00 left"
  Liabilities:Bar:Members:Ewaut   1.50 EUR   
  Income:Bar                     -1.50 EUR   
  Assets:Inventory:Bar              -1 ICETEA
  Liabilities:Bar:Members:Ewaut      1 ICETEA

2016-10-27 txn "Koen bought 1 product (-1.50) and has EUR -2.50 left"
  Liabilities:Bar:Members:Koen   1.50 EUR   
  Income:Bar                    -1.50 EUR   
  Assets:Inventory:Bar             -1 ICETEA
  Liabilities:Bar:Members:Koen      1 ICETEA

2016-10-27 txn "Bloemist bought 1 product (-0.50) and has EUR -5.60 left"
  Liabilities:Bar:Members:Bloemist   0.50 EUR 
  Income:Bar                        -0.50 EUR 
  Assets:Inventory:Bar                 -1 TWIX
  Liabilities:Bar:Members:Bloemist      1 TWIX

2016-10-27 txn "Tom bought 2 products (-3.00) and has EUR 4.00 left"
  Liabilities:Bar:Members:Superpumpie   3.00 EUR    
  Income:Bar                           -3.00 EUR    
  Assets:Inventory:Bar                    -2 JUPILER
  Liabilities:Bar:Members:Superpumpie      2 JUPILER

2016-10-27 txn "elvis bought 1 product (-1.50) and has EUR 3.00 left"
  Liabilities:Bar:Members:Elvis   1.50 EUR 
  Income:Bar                     -1.50 EUR 
  Assets:Inventory:Bar              -1 COKE
  Liabilities:Bar:Members:Elvis      1 COKE

2016-10-27 txn "sasja bought 1 product (-0.50) and has EUR 9.60 left"
  Liabilities:Bar:Members:Sasja   0.50 EUR 
  Income:Bar                     -0.50 EUR 
  Assets:Inventory:Bar              -1 CHIP
  Liabilities:Bar:Members:Sasja      1 CHIP

2016-10-27 txn "sasja bought 1 product (-0.50) and has EUR 9.10 left"
  Liabilities:Bar:Members:Sasja   0.50 EUR  
  Income:Bar                     -0.50 EUR  
  Assets:Inventory:Bar              -1 WATER
  Liabilities:Bar:Members:Sasja      1 WATER

2016-10-27 txn "Bloemist bought 1 product (-0.50) and has EUR -6.10 left"
  Liabilities:Bar:Members:Bloemist   0.50 EUR 
  Income:Bar                        -0.50 EUR 
  Assets:Inventory:Bar                 -1 TWIX
  Liabilities:Bar:Members:Bloemist      1 TWIX

2016-10-28 balance Liabilities:Bar:Members:Elvis                   -3.00 EUR
  iline: "41"

2016-10-28 txn "elvis bought 2 products (-1.00) and has EUR 2.00 left"
  Liabilities:Bar:Members:Elvis   1.00 EUR   
  Income:Bar                     -1.00 EUR   
  Assets:Inventory:Bar              -1 KITKAT
  Liabilities:Bar:Members:Elvis      1 KITKAT
  Assets:Inventory:Bar              -1 MNM   
  Liabilities:Bar:Members:Elvis      1 MNM   

2016-10-28 txn "elvis deposited EUR 0.50 and has now EUR 2.50"
  Liabilities:Bar:Members:Elvis  -0.50 EUR
  Assets:Cash:Bar                 0.50 EUR

2016-10-28 balance Liabilities:Bar:Members:Bloemist                6.10 EUR
  iline: "46"

2016-10-28 txn "Bloemist bought 1 product (-2.00) and has EUR -8.10 left"
  Liabilities:Bar:Members:Bloemist   2.00 EUR  
  Income:Bar                        -2.00 EUR  
  Assets:Inventory:Bar                 -1 DUVEL
  Liabilities:Bar:Members:Bloemist      1 DUVEL

2016-10-28 balance Liabilities:Bar:Members:Koen                    2.50 EUR
  iline: "55"

2016-10-28 txn "Koen bought 1 product (-1.50) and has EUR -4.00 left"
  Liabilities:Bar:Members:Koen   1.50 EUR    
  Income:Bar                    -1.50 EUR    
  Assets:Inventory:Bar             -1 JUPILER
  Liabilities:Bar:Members:Koen      1 JUPILER

2016-10-28 txn "Bloemist bought 1 product (-0.50) and has EUR -8.60 left"
  Liabilities:Bar:Members:Bloemist   0.50 EUR 
  Income:Bar                        -0.50 EUR 
  Assets:Inventory:Bar                 -1 CHIP
  Liabilities:Bar:Members:Bloemist      1 CHIP

2016-10-28 txn "Koen bought 1 product (-1.50) and has EUR -5.50 left"
  Liabilities:Bar:Members:Koen   1.50 EUR    
  Income:Bar                    -1.50 EUR    
  Assets:Inventory:Bar             -1 JUPILER
  Liabilities:Bar:Members:Koen      1 JUPILER

2016-10-28 txn "Koen deposited EUR 10.00 and has now EUR 4.50"
  Liabilities:Bar:Members:Koen  -10.00 EUR
  Assets:Cash:Bar                10.00 EUR

2016-10-28 txn "Bloemist bought 1 product (-0.50) and has EUR -9.10 left"
  Liabilities:Bar:Members:Bloemist   0.50 EUR 
  Income:Bar                        -0.50 EUR 
  Assets:Inventory:Bar                 -1 TWIX
  Liabilities:Bar:Members:Bloemist      1 TWIX

2016-10-30 balance Liabilities:Bar:Members:Sasja                   -9.10 EUR
  iline: "60"

2016-10-30 txn "sasja bought 1 product (-2.00) and has EUR 7.10 left"
  Liabilities:Bar:Members:Sasja   2.00 EUR
  Income:Bar                     -2.00 EUR
  Assets:Inventory:Bar              -1 CM 
  Liabilities:Bar:Members:Sasja      1 CM 

2016-10-30 txn "sasja bought 1 product (-0.50) and has EUR 6.60 left"
  Liabilities:Bar:Members:Sasja   0.50 EUR
  Income:Bar                     -0.50 EUR
  Assets:Inventory:Bar              -1 MNM
  Liabilities:Bar:Members:Sasja      1 MNM

2016-10-30 balance Liabilities:Bar:Members:Superpumpie             -4.00 EUR
  iline: "63"

2016-10-30 txn "Tom bought 1 product (-1.50) and has EUR 2.50 left"
  Liabilities:Bar:Members:Superpumpie   1.50 EUR 
  Income:Bar                           -1.50 EUR 
  Assets:Inventory:Bar                    -1 COKE
  Liabilities:Bar:Members:Superpumpie      1 COKE

2016-10-30 txn "Tom bought 1 product (-0.50) and has EUR 2.00 left"
  Liabilities:Bar:Members:Superpumpie   0.50 EUR     
  Income:Bar                           -0.50 EUR     
  Assets:Inventory:Bar                    -1 SNICKERS
  Liabilities:Bar:Members:Superpumpie      1 SNICKERS

2016-10-30 txn "Tom bought 1 product (-0.50) and has EUR 1.50 left"
  Liabilities:Bar:Members:Superpumpie   0.50 EUR 
  Income:Bar                           -0.50 EUR 
  Assets:Inventory:Bar                    -1 TWIX
  Liabilities:Bar:Members:Superpumpie      1 TWIX

2016-10-30 balance Liabilities:Bar:Members:Bloemist                9.10 EUR
  iline: "66"

2016-10-30 txn "Bloemist bought 2 products (-2.00) and has EUR -11.10 left"
  Liabilities:Bar:Members:Bloemist   2.00 EUR 
  Income:Bar                        -2.00 EUR 
  Assets:Inventory:Bar                 -1 COKE
  Liabilities:Bar:Members:Bloemist      1 COKE
  Assets:Inventory:Bar                 -1 TWIX
  Liabilities:Bar:Members:Bloemist      1 TWIX

2016-10-30 balance Liabilities:Bar:Members:Joris                   -9.50 EUR
  iline: "68"

2016-10-30 txn "joris bought 2 products (-2.00) and has EUR 7.50 left"
  Liabilities:Bar:Members:Joris   2.00 EUR    
  Income:Bar                     -2.00 EUR    
  Assets:Inventory:Bar              -1 JUPILER
  Liabilities:Bar:Members:Joris      1 JUPILER
  Assets:Inventory:Bar              -1 CHIP   
  Liabilities:Bar:Members:Joris      1 CHIP   

2016-10-30 txn "Bloemist bought 2 products (-2.50) and has EUR -13.60 left"
  Liabilities:Bar:Members:Bloemist   2.50 EUR 
  Income:Bar                        -2.50 EUR 
  Assets:Inventory:Bar                 -1 CHIP
  Liabilities:Bar:Members:Bloemist      1 CHIP
  Assets:Inventory:Bar                 -1 CM  
  Liabilities:Bar:Members:Bloemist      1 CM  

2016-10-30 txn "Bloemist bought 1 product (-0.50) and has EUR -14.10 left"
  Liabilities:Bar:Members:Bloemist   0.50 EUR 
  Income:Bar                        -0.50 EUR 
  Assets:Inventory:Bar                 -1 TWIX
  Liabilities:Bar:Members:Bloemist      1 TWIX

2016-10-31 balance Liabilities:Bar:Members:Bloemist                14.10 EUR
  iline: "71"

2016-10-31 txn "Bloemist bought 1 product (-1.50) and has EUR -15.60 left"
  Liabilities:Bar:Members:Bloemist   1.50 EUR    
  Income:Bar                        -1.50 EUR    
  Assets:Inventory:Bar                 -1 JUPILER
  Liabilities:Bar:Members:Bloemist      1 JUPILER

2016-10-31 balance Liabilities:Bar:Members:Superpumpie             -1.50 EUR
  iline: "72"

2016-10-31 txn "Tom bought 2 products (-3.00) and has EUR -1.50 left"
  Liabilities:Bar:Members:Superpumpie   3.00 EUR    
  Income:Bar                           -3.00 EUR    
  Assets:Inventory:Bar                    -2 JUPILER
  Liabilities:Bar:Members:Superpumpie      2 JUPILER

2016-10-31 balance Liabilities:Bar:Members:Sasja                   -6.60 EUR
  iline: "73"

2016-10-31 txn "sasja bought 3 products (-4.50) and has EUR 2.10 left"
  Liabilities:Bar:Members:Sasja   4.50 EUR    
  Income:Bar                     -4.50 EUR    
  Assets:Inventory:Bar              -3 JUPILER
  Liabilities:Bar:Members:Sasja      3 JUPILER

2016-10-31 txn "Bloemist bought 1 product (-0.50) and has EUR -16.10 left"
  Liabilities:Bar:Members:Bloemist   0.50 EUR 
  Income:Bar                        -0.50 EUR 
  Assets:Inventory:Bar                 -1 CHIP
  Liabilities:Bar:Members:Bloemist      1 CHIP

2016-10-31 txn "Bloemist bought 3 products (-4.50) and has EUR -20.60 left"
  Liabilities:Bar:Members:Bloemist   4.50 EUR    
  Income:Bar                        -4.50 EUR    
  Assets:Inventory:Bar                 -3 JUPILER
  Liabilities:Bar:Members:Bloemist      3 JUPILER

2016-10-31 txn "sasja bought 1 product (-2.00) and has EUR 0.10 left"
  Liabilities:Bar:Members:Sasja   2.00 EUR
  Income:Bar                     -2.00 EUR
  Assets:Inventory:Bar              -1 CM 
  Liabilities:Bar:Members:Sasja      1 CM 

2016-10-31 balance Liabilities:Bar:Members:Koen                    -4.50 EUR
  iline: "77"

2016-10-31 txn "Koen bought 1 product (-1.50) and has EUR 3.00 left"
  Liabilities:Bar:Members:Koen   1.50 EUR 
  Income:Bar                    -1.50 EUR 
  Assets:Inventory:Bar             -1 COKE
  Liabilities:Bar:Members:Koen      1 COKE

2016-10-31 txn "Bloemist bought 1 product (-2.00) and has EUR -22.60 left"
  Liabilities:Bar:Members:Bloemist   2.00 EUR
  Income:Bar                        -2.00 EUR
  Assets:Inventory:Bar                 -1 CM 
  Liabilities:Bar:Members:Bloemist      1 CM 

2016-10-31 txn "sasja bought 1 product (-1.50) and has EUR -1.40 left"
  Liabilities:Bar:Members:Sasja   1.50 EUR    
  Income:Bar                     -1.50 EUR    
  Assets:Inventory:Bar              -1 JUPILER
  Liabilities:Bar:Members:Sasja      1 JUPILER

2016-10-31 txn "sasja bought 2 products (-2.00) and has EUR -3.40 left"
  Liabilities:Bar:Members:Sasja   2.00 EUR    
  Income:Bar                     -2.00 EUR    
  Assets:Inventory:Bar              -1 CHIP   
  Liabilities:Bar:Members:Sasja      1 CHIP   
  Assets:Inventory:Bar              -1 JUPILER
  Liabilities:Bar:Members:Sasja      1 JUPILER

2016-10-31 txn "Bloemist bought 1 product (-0.50) and has EUR -23.10 left"
  Liabilities:Bar:Members:Bloemist   0.50 EUR 
  Income:Bar                        -0.50 EUR 
  Assets:Inventory:Bar                 -1 TWIX
  Liabilities:Bar:Members:Bloemist      1 TWIX

2016-10-31 txn "Merlijn bought 1 product (-2.00) and has EUR 25.75 left"
  Liabilities:Bar:Members:Merlijn   2.00 EUR
  Income:Bar                       -2.00 EUR
  Assets:Inventory:Bar                -1 CM 
  Liabilities:Bar:Members:Merlijn      1 CM 

2016-10-31 txn "Merlijn bought 1 product (-0.50) and has EUR 25.25 left"
  Liabilities:Bar:Members:Merlijn   0.50 EUR     
  Income:Bar                       -0.50 EUR     
  Assets:Inventory:Bar                -1 SNICKERS
  Liabilities:Bar:Members:Merlijn      1 SNICKERS

2016-10-31 txn "Koen bought 1 product (-1.50) and has EUR 1.50 left"
  Liabilities:Bar:Members:Koen   1.50 EUR    
  Income:Bar                    -1.50 EUR    
  Assets:Inventory:Bar             -1 JUPILER
  Liabilities:Bar:Members:Koen      1 JUPILER

2016-10-31 txn "Koen bought 1 product (-0.50) and has EUR 1.00 left"
  Liabilities:Bar:Members:Koen   0.50 EUR 
  Income:Bar                    -0.50 EUR 
  Assets:Inventory:Bar             -1 CHIP
  Liabilities:Bar:Members:Koen      1 CHIP

2016-10-31 txn "Koen bought 1 product (-1.50) and has EUR -0.50 left"
  Liabilities:Bar:Members:Koen   1.50 EUR    
  Income:Bar                    -1.50 EUR    
  Assets:Inventory:Bar             -1 JUPILER
  Liabilities:Bar:Members:Koen      1 JUPILER

2016-10-31 txn "Bloemist bought 1 product (-0.50) and has EUR -23.60 left"
  Liabilities:Bar:Members:Bloemist   0.50 EUR 
  Income:Bar                        -0.50 EUR 
  Assets:Inventory:Bar                 -1 TWIX
  Liabilities:Bar:Members:Bloemist      1 TWIX

2016-10-31 txn "Bloemist bought 1 product (-2.00) and has EUR -25.60 left"
  Liabilities:Bar:Members:Bloemist   2.00 EUR
  Income:Bar                        -2.00 EUR
  Assets:Inventory:Bar                 -1 CM 
  Liabilities:Bar:Members:Bloemist      1 CM 

2016-11-01 balance Liabilities:Bar:Members:Superpumpie             1.50 EUR
  iline: "91"

2016-11-01 txn "Tom bought 1 product (-0.50) and has EUR -2.00 left"
  Liabilities:Bar:Members:Superpumpie   0.50 EUR  
  Income:Bar                           -0.50 EUR  
  Assets:Inventory:Bar                    -1 WATER
  Liabilities:Bar:Members:Superpumpie      1 WATER

2016-11-01 balance Liabilities:Bar:Members:Koen                    0.50 EUR
  iline: "92"

2016-11-01 txn "Koen bought 1 product (-0.50) and has EUR -1.00 left"
  Liabilities:Bar:Members:Koen   0.50 EUR 
  Income:Bar                    -0.50 EUR 
  Assets:Inventory:Bar             -1 MARS
  Liabilities:Bar:Members:Koen      1 MARS

2016-11-01 balance Liabilities:Bar:Members:Sasja                   3.40 EUR
  iline: "93"

2016-11-01 txn "sasja bought 1 product (-0.50) and has EUR -3.90 left"
  Liabilities:Bar:Members:Sasja   0.50 EUR 
  Income:Bar                     -0.50 EUR 
  Assets:Inventory:Bar              -1 CHIP
  Liabilities:Bar:Members:Sasja      1 CHIP

2016-11-01 txn "sasja bought 1 product (-0.50) and has EUR -4.40 left"
  Liabilities:Bar:Members:Sasja   0.50 EUR  
  Income:Bar                     -0.50 EUR  
  Assets:Inventory:Bar              -1 WATER
  Liabilities:Bar:Members:Sasja      1 WATER

2016-11-01 txn "Tom bought 1 product (-1.50) and has EUR -3.50 left"
  Liabilities:Bar:Members:Superpumpie   1.50 EUR    
  Income:Bar                           -1.50 EUR    
  Assets:Inventory:Bar                    -1 JUPILER
  Liabilities:Bar:Members:Superpumpie      1 JUPILER

2016-11-01 balance Liabilities:Bar:Members:Bloemist                25.60 EUR
  iline: "96"

2016-11-01 txn "Bloemist bought 1 product (-0.50) and has EUR -26.10 left"
  Liabilities:Bar:Members:Bloemist   0.50 EUR 
  Income:Bar                        -0.50 EUR 
  Assets:Inventory:Bar                 -1 CHIP
  Liabilities:Bar:Members:Bloemist      1 CHIP

2016-11-01 txn "Bloemist bought 1 product (-0.50) and has EUR -26.60 left"
  Liabilities:Bar:Members:Bloemist   0.50 EUR 
  Income:Bar                        -0.50 EUR 
  Assets:Inventory:Bar                 -1 TWIX
  Liabilities:Bar:Members:Bloemist      1 TWIX

2016-11-01 txn "Koen bought 1 product (-1.50) and has EUR -2.50 left"
  Liabilities:Bar:Members:Koen   1.50 EUR 
  Income:Bar                    -1.50 EUR 
  Assets:Inventory:Bar             -1 COKE
  Liabilities:Bar:Members:Koen      1 COKE

2016-11-01 txn "Koen deposited EUR 2.50 and has now EUR 0.00"
  Liabilities:Bar:Members:Koen  -2.50 EUR
  Assets:Cash:Bar                2.50 EUR

2016-11-01 txn "sasja bought 1 product (-0.50) and has EUR -4.90 left"
  Liabilities:Bar:Members:Sasja   0.50 EUR  
  Income:Bar                     -0.50 EUR  
  Assets:Inventory:Bar              -1 WATER
  Liabilities:Bar:Members:Sasja      1 WATER

2016-11-01 txn "sasja bought 2 products (-3.50) and has EUR -8.40 left"
  Liabilities:Bar:Members:Sasja   3.50 EUR    
  Income:Bar                     -3.50 EUR    
  Assets:Inventory:Bar              -1 JUPILER
  Liabilities:Bar:Members:Sasja      1 JUPILER
  Assets:Inventory:Bar              -1 CM     
  Liabilities:Bar:Members:Sasja      1 CM     

2016-11-01 txn "sasja bought 1 product (-1.50) and has EUR -9.90 left"
  Liabilities:Bar:Members:Sasja   1.50 EUR    
  Income:Bar                     -1.50 EUR    
  Assets:Inventory:Bar              -1 JUPILER
  Liabilities:Bar:Members:Sasja      1 JUPILER

2016-11-01 txn "sasja bought 1 product (-0.50) and has EUR -10.40 left"
  Liabilities:Bar:Members:Sasja   0.50 EUR 
  Income:Bar                     -0.50 EUR 
  Assets:Inventory:Bar              -1 MARS
  Liabilities:Bar:Members:Sasja      1 MARS

2016-11-01 txn "sasja bought 1 product (-0.50) and has EUR -10.90 left"
  Liabilities:Bar:Members:Sasja   0.50 EUR     
  Income:Bar                     -0.50 EUR     
  Assets:Inventory:Bar              -1 SNICKERS
  Liabilities:Bar:Members:Sasja      1 SNICKERS

2016-11-01 txn "sasja bought 1 product (-2.00) and has EUR -12.90 left"
  Liabilities:Bar:Members:Sasja   2.00 EUR
  Income:Bar                     -2.00 EUR
  Assets:Inventory:Bar              -1 CM 
  Liabilities:Bar:Members:Sasja      1 CM 

2016-11-01 txn "Bloemist bought 1 product (-2.00) and has EUR -28.60 left"
  Liabilities:Bar:Members:Bloemist   2.00 EUR
  Income:Bar                        -2.00 EUR
  Assets:Inventory:Bar                 -1 CM 
  Liabilities:Bar:Members:Bloemist      1 CM 

2016-11-01 txn "Bloemist bought 1 product (-0.50) and has EUR -29.10 left"
  Liabilities:Bar:Members:Bloemist   0.50 EUR 
  Income:Bar                        -0.50 EUR 
  Assets:Inventory:Bar                 -1 TWIX
  Liabilities:Bar:Members:Bloemist      1 TWIX

2016-11-01 txn "Bloemist bought 1 product (-0.50) and has EUR -29.60 left"
  Liabilities:Bar:Members:Bloemist   0.50 EUR 
  Income:Bar                        -0.50 EUR 
  Assets:Inventory:Bar                 -1 TWIX
  Liabilities:Bar:Members:Bloemist      1 TWIX

2016-11-03 balance Liabilities:Bar:Members:Koen                    0.00 EUR
  iline: "109"

2016-11-03 txn "Koen bought 2 products (-2.00) and has EUR -2.00 left"
  Liabilities:Bar:Members:Koen   2.00 EUR    
  Income:Bar                    -2.00 EUR    
  Assets:Inventory:Bar             -1 JUPILER
  Liabilities:Bar:Members:Koen      1 JUPILER
  Assets:Inventory:Bar             -1 CHIP   
  Liabilities:Bar:Members:Koen      1 CHIP   

2016-11-03 balance Liabilities:Bar:Members:Merlijn                 -25.25 EUR
  iline: "110"

2016-11-03 txn "Merlijn bought 1 product (-0.50) and has EUR 24.75 left"
  Liabilities:Bar:Members:Merlijn   0.50 EUR     
  Income:Bar                       -0.50 EUR     
  Assets:Inventory:Bar                -1 SNICKERS
  Liabilities:Bar:Members:Merlijn      1 SNICKERS

2016-11-03 txn "Koen bought 2 products (-2.00) and has EUR -4.00 left"
  Liabilities:Bar:Members:Koen   2.00 EUR     
  Income:Bar                    -2.00 EUR     
  Assets:Inventory:Bar             -1 SNICKERS
  Liabilities:Bar:Members:Koen      1 SNICKERS
  Assets:Inventory:Bar             -1 JUPILER 
  Liabilities:Bar:Members:Koen      1 JUPILER 

2016-11-03 balance Liabilities:Bar:Members:Joris                   -7.50 EUR
  iline: "113"

2016-11-03 txn "joris bought 1 product (-2.00) and has EUR 5.50 left"
  Liabilities:Bar:Members:Joris   2.00 EUR  
  Income:Bar                     -2.00 EUR  
  Assets:Inventory:Bar              -1 DUVEL
  Liabilities:Bar:Members:Joris      1 DUVEL

2016-11-03 txn "Bert bought 3 products (-2.50) and has EUR -1.30 left"
  Liabilities:Bar:Members:Bert   2.50 EUR   
  Income:Bar                    -2.50 EUR   
  Assets:Inventory:Bar             -1 ICETEA
  Liabilities:Bar:Members:Bert      1 ICETEA
  Assets:Inventory:Bar             -1 CHIP  
  Liabilities:Bar:Members:Bert      1 CHIP  
  Assets:Inventory:Bar             -1 MNM   
  Liabilities:Bar:Members:Bert      1 MNM   

2016-11-03 balance Liabilities:Bar:Members:Elvis                   -2.50 EUR
  iline: "115"

2016-11-03 txn "elvis bought 1 product (-1.50) and has EUR 1.00 left"
  Liabilities:Bar:Members:Elvis   1.50 EUR 
  Income:Bar                     -1.50 EUR 
  Assets:Inventory:Bar              -1 COKE
  Liabilities:Bar:Members:Elvis      1 COKE

2016-11-03 txn "joris bought 1 product (-0.50) and has EUR 5.00 left"
  Liabilities:Bar:Members:Joris   0.50 EUR 
  Income:Bar                     -0.50 EUR 
  Assets:Inventory:Bar              -1 CHIP
  Liabilities:Bar:Members:Joris      1 CHIP

2016-11-03 txn "Koen bought 1 product (-1.50) and has EUR -5.50 left"
  Liabilities:Bar:Members:Koen   1.50 EUR    
  Income:Bar                    -1.50 EUR    
  Assets:Inventory:Bar             -1 JUPILER
  Liabilities:Bar:Members:Koen      1 JUPILER

2016-11-03 txn "Koen deposited EUR 3.00 and has now EUR -2.50"
  Liabilities:Bar:Members:Koen  -3.00 EUR
  Assets:Cash:Bar                3.00 EUR

2016-11-03 balance Liabilities:Bar:Members:Bart                    -8.30 EUR
  iline: "119"

2016-11-03 txn "bart deposited EUR -4.00 and has now EUR 4.30"
  Liabilities:Bar:Members:Bart   4.00 EUR
  Assets:Cash:Bar               -4.00 EUR

2016-11-03 balance Liabilities:Bar:Members:Bloemist                29.60 EUR
  iline: "120"

2016-11-03 txn "Bloemist deposited EUR 4.00 and has now EUR -25.60"
  Liabilities:Bar:Members:Bloemist  -4.00 EUR
  Assets:Cash:Bar                    4.00 EUR

2016-11-03 txn "bart bought 1 product (-0.50) and has EUR 3.80 left"
  Liabilities:Bar:Members:Bart   0.50 EUR     
  Income:Bar                    -0.50 EUR     
  Assets:Inventory:Bar             -1 SNICKERS
  Liabilities:Bar:Members:Bart      1 SNICKERS

2016-11-03 txn "gillesj bought 2 products (-3.00) and has EUR 5.50 left"
  Liabilities:Bar:Members:Enzian   3.00 EUR    
  Income:Bar                      -3.00 EUR    
  Assets:Inventory:Bar               -2 JUPILER
  Liabilities:Bar:Members:Enzian      2 JUPILER

2016-11-03 txn "Bloemist bought 2 products (-3.00) and has EUR -28.60 left"
  Liabilities:Bar:Members:Bloemist   3.00 EUR    
  Income:Bar                        -3.00 EUR    
  Assets:Inventory:Bar                 -1 ICETEA 
  Liabilities:Bar:Members:Bloemist      1 ICETEA 
  Assets:Inventory:Bar                 -1 JUPILER
  Liabilities:Bar:Members:Bloemist      1 JUPILER

2016-11-03 txn "Bert bought 2 products (-2.00) and has EUR -3.30 left"
  Liabilities:Bar:Members:Bert   2.00 EUR     
  Income:Bar                    -2.00 EUR     
  Assets:Inventory:Bar             -1 JUPILER 
  Liabilities:Bar:Members:Bert      1 JUPILER 
  Assets:Inventory:Bar             -1 SNICKERS
  Liabilities:Bar:Members:Bert      1 SNICKERS

2016-11-03 txn "Koen bought 1 product (-1.50) and has EUR -4.00 left"
  Liabilities:Bar:Members:Koen   1.50 EUR    
  Income:Bar                    -1.50 EUR    
  Assets:Inventory:Bar             -1 JUPILER
  Liabilities:Bar:Members:Koen      1 JUPILER

2016-11-03 txn "Bloemist bought 2 products (-1.00) and has EUR -29.60 left"
  Liabilities:Bar:Members:Bloemist   1.00 EUR 
  Income:Bar                        -1.00 EUR 
  Assets:Inventory:Bar                 -1 TWIX
  Liabilities:Bar:Members:Bloemist      1 TWIX
  Assets:Inventory:Bar                 -1 MNM 
  Liabilities:Bar:Members:Bloemist      1 MNM 

2016-11-03 balance Liabilities:Bar:Members:Sasja                   12.90 EUR
  iline: "130"

2016-11-03 txn "sasja bought 2 products (-3.00) and has EUR -15.90 left"
  Liabilities:Bar:Members:Sasja   3.00 EUR    
  Income:Bar                     -3.00 EUR    
  Assets:Inventory:Bar              -2 JUPILER
  Liabilities:Bar:Members:Sasja      2 JUPILER

2016-11-03 txn "Merlijn bought 1 product (-0.50) and has EUR 24.25 left"
  Liabilities:Bar:Members:Merlijn   0.50 EUR     
  Income:Bar                       -0.50 EUR     
  Assets:Inventory:Bar                -1 SNICKERS
  Liabilities:Bar:Members:Merlijn      1 SNICKERS

2016-11-03 txn "bart deposited EUR 1.63 and has now EUR 5.43"
  Liabilities:Bar:Members:Bart  -1.63 EUR
  Assets:Cash:Bar                1.63 EUR

2016-11-03 txn "Bloemist bought 1 product (-3.00) and has EUR -32.60 left"
  Liabilities:Bar:Members:Bart      -1.63 EUR 
  Liabilities:Bar:Members:Bloemist   3.00 EUR 
  Income:Bar                        -1.37 EUR 
  Assets:Inventory:Bar                 -1 ORVL
  Liabilities:Bar:Members:Bloemist      1 ORVL

2016-11-03 txn "Bloemist bought 1 product (-0.50) and has EUR -33.10 left"
  Liabilities:Bar:Members:Bloemist   0.50 EUR 
  Income:Bar                        -0.50 EUR 
  Assets:Inventory:Bar                 -1 TWIX
  Liabilities:Bar:Members:Bloemist      1 TWIX

2016-11-03 txn "thijs bought 2 products (-2.50) and has EUR 4.65 left"
  Liabilities:Bar:Members:Thijs   2.50 EUR  
  Income:Bar                     -2.50 EUR  
  Assets:Inventory:Bar              -1 WATER
  Liabilities:Bar:Members:Thijs      1 WATER
  Assets:Inventory:Bar              -1 DUVEL
  Liabilities:Bar:Members:Thijs      1 DUVEL

2016-11-03 txn "sasja bought 1 product (-0.50) and has EUR -16.40 left"
  Liabilities:Bar:Members:Sasja   0.50 EUR 
  Income:Bar                     -0.50 EUR 
  Assets:Inventory:Bar              -1 CHIP
  Liabilities:Bar:Members:Sasja      1 CHIP

2016-11-03 txn "sasja bought 1 product (-0.50) and has EUR -16.90 left"
  Liabilities:Bar:Members:Sasja   0.50 EUR 
  Income:Bar                     -0.50 EUR 
  Assets:Inventory:Bar              -1 CHIP
  Liabilities:Bar:Members:Sasja      1 CHIP

2016-11-03 txn "sasja bought 1 product (-0.50) and has EUR -17.40 left"
  Liabilities:Bar:Members:Sasja   0.50 EUR  
  Income:Bar                     -0.50 EUR  
  Assets:Inventory:Bar              -1 WATER
  Liabilities:Bar:Members:Sasja      1 WATER

2016-11-03 txn "Koen bought 2 products (-2.00) and has EUR -6.00 left"
  Liabilities:Bar:Members:Koen   2.00 EUR    
  Income:Bar                    -2.00 EUR    
  Assets:Inventory:Bar             -1 JUPILER
  Liabilities:Bar:Members:Koen      1 JUPILER
  Assets:Inventory:Bar             -1 CHIP   
  Liabilities:Bar:Members:Koen      1 CHIP   

2016-11-03 txn "Bloemist bought 1 product (-0.50) and has EUR -33.60 left"
  Liabilities:Bar:Members:Bloemist   0.50 EUR     
  Income:Bar                        -0.50 EUR     
  Assets:Inventory:Bar                 -1 SNICKERS
  Liabilities:Bar:Members:Bloemist      1 SNICKERS

2016-11-03 txn "Bloemist bought 1 product (-1.50) and has EUR -35.10 left"
  Liabilities:Bar:Members:Bloemist   1.50 EUR   
  Income:Bar                        -1.50 EUR   
  Assets:Inventory:Bar                 -1 ICETEA
  Liabilities:Bar:Members:Bloemist      1 ICETEA

2016-11-03 txn "Bloemist bought 1 product (-0.50) and has EUR -35.60 left"
  Liabilities:Bar:Members:Bloemist   0.50 EUR 
  Income:Bar                        -0.50 EUR 
  Assets:Inventory:Bar                 -1 TWIX
  Liabilities:Bar:Members:Bloemist      1 TWIX

2016-11-03 txn "sasja deposited EUR 30.00 and has now EUR 12.60"
  Liabilities:Bar:Members:Sasja  -30.00 EUR
  Assets:Cash:Bar                 30.00 EUR

2016-11-03 txn "elvis deposited EUR 5.00 and has now EUR 6.00"
  Liabilities:Bar:Members:Elvis  -5.00 EUR
  Assets:Cash:Bar                 5.00 EUR

2016-11-04 balance Liabilities:Bar:Members:Koen                    6.00 EUR
  iline: "150"

2016-11-04 txn "Koen bought 1 product (-1.50) and has EUR -7.50 left"
  Liabilities:Bar:Members:Koen   1.50 EUR    
  Income:Bar                    -1.50 EUR    
  Assets:Inventory:Bar             -1 JUPILER
  Liabilities:Bar:Members:Koen      1 JUPILER

2016-11-06 balance Liabilities:Bar:Members:Koen                    7.50 EUR
  iline: "152"

2016-11-06 txn "Koen deposited EUR 10.00 and has now EUR 2.50"
  Liabilities:Bar:Members:Koen  -10.00 EUR
  Assets:Cash:Bar                10.00 EUR

2016-11-06 balance Liabilities:Bar:Members:Thijs                   -4.65 EUR
  iline: "153"

2016-11-06 txn "thijs bought 1 product (-2.00) and has EUR 2.65 left"
  Liabilities:Bar:Members:Thijs   2.00 EUR
  Income:Bar                     -2.00 EUR
  Assets:Inventory:Bar              -1 CM 
  Liabilities:Bar:Members:Thijs      1 CM 

2016-11-06 balance Liabilities:Bar:Members:Superpumpie             3.50 EUR
  iline: "154"

2016-11-06 txn "Tom bought 1 product (-0.50) and has EUR -4.00 left"
  Liabilities:Bar:Members:Superpumpie   0.50 EUR     
  Income:Bar                           -0.50 EUR     
  Assets:Inventory:Bar                    -1 SNICKERS
  Liabilities:Bar:Members:Superpumpie      1 SNICKERS

2016-11-06 txn "Tom deposited EUR 0.50 and has now EUR -3.50"
  Liabilities:Bar:Members:Superpumpie  -0.50 EUR
  Assets:Cash:Bar                       0.50 EUR

2016-11-06 txn "thijs bought 1 product (-0.50) and has EUR 2.15 left"
  Liabilities:Bar:Members:Thijs   0.50 EUR 
  Income:Bar                     -0.50 EUR 
  Assets:Inventory:Bar              -1 TWIX
  Liabilities:Bar:Members:Thijs      1 TWIX

2016-11-06 txn "thijs bought 1 product (-0.50) and has EUR 1.65 left"
  Liabilities:Bar:Members:Thijs   0.50 EUR 
  Income:Bar                     -0.50 EUR 
  Assets:Inventory:Bar              -1 TWIX
  Liabilities:Bar:Members:Thijs      1 TWIX

2016-11-06 balance Liabilities:Bar:Members:Bloemist                35.60 EUR
  iline: "158"

2016-11-06 txn "Bloemist bought 1 product (-1.50) and has EUR -37.10 left"
  Liabilities:Bar:Members:Bloemist   1.50 EUR   
  Income:Bar                        -1.50 EUR   
  Assets:Inventory:Bar                 -1 ICETEA
  Liabilities:Bar:Members:Bloemist      1 ICETEA

2016-11-06 balance Liabilities:Bar:Members:Elvis                   -6.00 EUR
  iline: "159"

2016-11-06 txn "elvis bought 1 product (-1.50) and has EUR 4.50 left"
  Liabilities:Bar:Members:Elvis   1.50 EUR 
  Income:Bar                     -1.50 EUR 
  Assets:Inventory:Bar              -1 COKE
  Liabilities:Bar:Members:Elvis      1 COKE

2016-11-06 balance Liabilities:Bar:Members:Bart                    -7.06 EUR
  iline: "160"

2016-11-06 txn "thijs bought 1 product (-3.00) and has EUR -1.35 left"
  Liabilities:Bar:Members:Bart   -1.63 EUR 
  Liabilities:Bar:Members:Thijs   3.00 EUR 
  Income:Bar                     -1.37 EUR 
  Assets:Inventory:Bar              -1 ORVL
  Liabilities:Bar:Members:Thijs      1 ORVL

2016-11-06 txn "thijs bought 1 product (-0.50) and has EUR -1.85 left"
  Liabilities:Bar:Members:Thijs   0.50 EUR     
  Income:Bar                     -0.50 EUR     
  Assets:Inventory:Bar              -1 SNICKERS
  Liabilities:Bar:Members:Thijs      1 SNICKERS

2016-11-06 balance Liabilities:Bar:Members:Sasja                   -12.60 EUR
  iline: "162"

2016-11-06 txn "sasja bought 1 product (-0.50) and has EUR 12.10 left"
  Liabilities:Bar:Members:Sasja   0.50 EUR  
  Income:Bar                     -0.50 EUR  
  Assets:Inventory:Bar              -1 WATER
  Liabilities:Bar:Members:Sasja      1 WATER

2016-11-06 txn "Koen bought 1 product (-0.50) and has EUR 2.00 left"
  Liabilities:Bar:Members:Koen   0.50 EUR 
  Income:Bar                    -0.50 EUR 
  Assets:Inventory:Bar             -1 CHIP
  Liabilities:Bar:Members:Koen      1 CHIP

2016-11-06 txn "Bloemist bought 2 products (-2.00) and has EUR -39.10 left"
  Liabilities:Bar:Members:Bloemist   2.00 EUR   
  Income:Bar                        -2.00 EUR   
  Assets:Inventory:Bar                 -1 TWIX  
  Liabilities:Bar:Members:Bloemist      1 TWIX  
  Assets:Inventory:Bar                 -1 ICETEA
  Liabilities:Bar:Members:Bloemist      1 ICETEA

2016-11-06 txn "Bloemist bought 2 products (-2.00) and has EUR -41.10 left"
  Liabilities:Bar:Members:Bloemist   2.00 EUR     
  Income:Bar                        -2.00 EUR     
  Assets:Inventory:Bar                 -1 SNICKERS
  Liabilities:Bar:Members:Bloemist      1 SNICKERS
  Assets:Inventory:Bar                 -1 ICETEA  
  Liabilities:Bar:Members:Bloemist      1 ICETEA  

2016-11-06 txn "Bloemist bought 1 product (-0.50) and has EUR -41.60 left"
  Liabilities:Bar:Members:Bloemist   0.50 EUR 
  Income:Bar                        -0.50 EUR 
  Assets:Inventory:Bar                 -1 TWIX
  Liabilities:Bar:Members:Bloemist      1 TWIX

2016-11-08 balance Liabilities:Bar:Members:Elvis                   -4.50 EUR
  iline: "167"

2016-11-08 txn "elvis bought 1 product (-0.50) and has EUR 4.00 left"
  Liabilities:Bar:Members:Elvis   0.50 EUR     
  Income:Bar                     -0.50 EUR     
  Assets:Inventory:Bar              -1 SNICKERS
  Liabilities:Bar:Members:Elvis      1 SNICKERS

2016-11-08 balance Liabilities:Bar:Members:Bloemist                41.60 EUR
  iline: "168"

2016-11-08 txn "Bloemist bought 1 product (-0.50) and has EUR -42.10 left"
  Liabilities:Bar:Members:Bloemist   0.50 EUR 
  Income:Bar                        -0.50 EUR 
  Assets:Inventory:Bar                 -1 TWIX
  Liabilities:Bar:Members:Bloemist      1 TWIX

2016-11-08 txn "Bloemist bought 1 product (-0.50) and has EUR -42.60 left"
  Liabilities:Bar:Members:Bloemist   0.50 EUR 
  Income:Bar                        -0.50 EUR 
  Assets:Inventory:Bar                 -1 TWIX
  Liabilities:Bar:Members:Bloemist      1 TWIX

2016-11-08 txn "elvis bought 1 product (-0.50) and has EUR 3.50 left"
  Liabilities:Bar:Members:Elvis   0.50 EUR 
  Income:Bar                     -0.50 EUR 
  Assets:Inventory:Bar              -1 TWIX
  Liabilities:Bar:Members:Elvis      1 TWIX

2016-11-08 txn "Bloemist bought 1 product (-0.50) and has EUR -43.10 left"
  Liabilities:Bar:Members:Bloemist   0.50 EUR 
  Income:Bar                        -0.50 EUR 
  Assets:Inventory:Bar                 -1 TWIX
  Liabilities:Bar:Members:Bloemist      1 TWIX

2016-11-08 balance Liabilities:Bar:Members:Koen                    -2.00 EUR
  iline: "172"

2016-11-08 txn "Koen bought 2 products (-3.00) and has EUR -1.00 left"
  Liabilities:Bar:Members:Koen   3.00 EUR    
  Income:Bar                    -3.00 EUR    
  Assets:Inventory:Bar             -2 JUPILER
  Liabilities:Bar:Members:Koen      2 JUPILER

2016-11-08 txn "Koen bought 1 product (-1.50) and has EUR -2.50 left"
  Liabilities:Bar:Members:Koen   1.50 EUR    
  Income:Bar                    -1.50 EUR    
  Assets:Inventory:Bar             -1 JUPILER
  Liabilities:Bar:Members:Koen      1 JUPILER

2016-11-08 txn "Koen bought 1 product (-1.50) and has EUR -4.00 left"
  Liabilities:Bar:Members:Koen   1.50 EUR    
  Income:Bar                    -1.50 EUR    
  Assets:Inventory:Bar             -1 JUPILER
  Liabilities:Bar:Members:Koen      1 JUPILER

2016-11-08 balance Liabilities:Bar:Members:Superpumpie             3.50 EUR
  iline: "175"

2016-11-08 txn "Tom bought 3 products (-5.00) and has EUR -8.50 left"
  Liabilities:Bar:Members:Superpumpie   5.00 EUR    
  Income:Bar                           -5.00 EUR    
  Assets:Inventory:Bar                    -2 JUPILER
  Liabilities:Bar:Members:Superpumpie      2 JUPILER
  Assets:Inventory:Bar                    -1 DUVEL  
  Liabilities:Bar:Members:Superpumpie      1 DUVEL  

2016-11-08 txn "Koen bought 1 product (-1.50) and has EUR -5.50 left"
  Liabilities:Bar:Members:Koen   1.50 EUR    
  Income:Bar                    -1.50 EUR    
  Assets:Inventory:Bar             -1 JUPILER
  Liabilities:Bar:Members:Koen      1 JUPILER

2016-11-08 txn "Koen deposited EUR 6.00 and has now EUR 0.50"
  Liabilities:Bar:Members:Koen  -6.00 EUR
  Assets:Cash:Bar                6.00 EUR

2016-11-08 txn "Tom bought 1 product (-0.50) and has EUR -9.00 left"
  Liabilities:Bar:Members:Superpumpie   0.50 EUR     
  Income:Bar                           -0.50 EUR     
  Assets:Inventory:Bar                    -1 SNICKERS
  Liabilities:Bar:Members:Superpumpie      1 SNICKERS

2016-11-09 balance Liabilities:Bar:Members:Superpumpie             9.00 EUR
  iline: "179"
2016-11-09 balance Liabilities:Bar:Members:Bart                    -8.69 EUR
  iline: "179"

2016-11-09 txn "Tom bought 1 product (-3.00) and has EUR -12.00 left"
  Liabilities:Bar:Members:Bart         -1.63 EUR 
  Liabilities:Bar:Members:Superpumpie   3.00 EUR 
  Income:Bar                           -1.37 EUR 
  Assets:Inventory:Bar                    -1 ORVL
  Liabilities:Bar:Members:Superpumpie      1 ORVL

2016-11-09 txn "bart bought 1 product (-0.50) and has EUR 9.82 left"
  Liabilities:Bar:Members:Bart   0.50 EUR     
  Income:Bar                    -0.50 EUR     
  Assets:Inventory:Bar             -1 SNICKERS
  Liabilities:Bar:Members:Bart      1 SNICKERS

2016-11-10 txn "els bought 1 product (-1.50) and has EUR 35.70 left"
  Liabilities:Bar:Members:Els   1.50 EUR   
  Income:Bar                   -1.50 EUR   
  Assets:Inventory:Bar            -1 ICETEA
  Liabilities:Bar:Members:Els      1 ICETEA

2016-11-10 txn "els bought 2 products (-2.00) and has EUR 33.70 left"
  Liabilities:Bar:Members:Els   2.00 EUR 
  Income:Bar                   -2.00 EUR 
  Assets:Inventory:Bar            -1 COKE
  Liabilities:Bar:Members:Els      1 COKE
  Assets:Inventory:Bar            -1 TWIX
  Liabilities:Bar:Members:Els      1 TWIX

2016-11-10 balance Liabilities:Bar:Members:Bert                    3.30 EUR
  iline: "185"
2016-11-10 balance Liabilities:Bar:Members:Bart                    -9.82 EUR
  iline: "185"

2016-11-10 txn "Bert bought 1 product (-3.00) and has EUR -6.30 left"
  Liabilities:Bar:Members:Bart  -1.63 EUR 
  Liabilities:Bar:Members:Bert   3.00 EUR 
  Income:Bar                    -1.37 EUR 
  Assets:Inventory:Bar             -1 ORVL
  Liabilities:Bar:Members:Bert      1 ORVL

2016-11-10 txn "Bert deposited EUR 50.00 and has now EUR 43.70"
  Liabilities:Bar:Members:Bert  -50.00 EUR
  Assets:Cash:Bar                50.00 EUR

2016-11-10 balance Liabilities:Bar:Members:Merlijn                 -24.25 EUR
  iline: "187"

2016-11-10 txn "Merlijn bought 1 product (-1.50) and has EUR 22.75 left"
  Liabilities:Bar:Members:Merlijn   1.50 EUR   
  Income:Bar                       -1.50 EUR   
  Assets:Inventory:Bar                -1 ICETEA
  Liabilities:Bar:Members:Merlijn      1 ICETEA

2016-11-10 balance Liabilities:Bar:Members:Sasja                   -12.10 EUR
  iline: "188"

2016-11-10 txn "sasja bought 2 products (-3.00) and has EUR 9.10 left"
  Liabilities:Bar:Members:Sasja   3.00 EUR    
  Income:Bar                     -3.00 EUR    
  Assets:Inventory:Bar              -2 JUPILER
  Liabilities:Bar:Members:Sasja      2 JUPILER

2016-11-10 txn "Merlijn bought 1 product (-0.50) and has EUR 22.25 left"
  Liabilities:Bar:Members:Merlijn   0.50 EUR     
  Income:Bar                       -0.50 EUR     
  Assets:Inventory:Bar                -1 SNICKERS
  Liabilities:Bar:Members:Merlijn      1 SNICKERS

2016-11-10 balance Liabilities:Bar:Members:Elvis                   -3.50 EUR
  iline: "191"

2016-11-10 txn "elvis bought 1 product (-1.50) and has EUR 2.00 left"
  Liabilities:Bar:Members:Elvis   1.50 EUR 
  Income:Bar                     -1.50 EUR 
  Assets:Inventory:Bar              -1 COKE
  Liabilities:Bar:Members:Elvis      1 COKE

2016-11-10 balance Liabilities:Bar:Members:Thijs                   1.85 EUR
  iline: "192"

2016-11-10 txn "thijs deposited EUR 10.00 and has now EUR 8.15"
  Liabilities:Bar:Members:Thijs  -10.00 EUR
  Assets:Cash:Bar                 10.00 EUR

2016-11-10 txn "Bert bought 2 products (-2.50) and has EUR 41.20 left"
  Liabilities:Bar:Members:Bert   2.50 EUR     
  Income:Bar                    -2.50 EUR     
  Assets:Inventory:Bar             -1 CM      
  Liabilities:Bar:Members:Bert      1 CM      
  Assets:Inventory:Bar             -1 SNICKERS
  Liabilities:Bar:Members:Bert      1 SNICKERS

2016-11-10 balance Liabilities:Bar:Members:Joris                   -5.00 EUR
  iline: "194"

2016-11-10 txn "joris bought 2 products (-2.50) and has EUR 2.50 left"
  Liabilities:Bar:Members:Joris   2.50 EUR  
  Income:Bar                     -2.50 EUR  
  Assets:Inventory:Bar              -1 DUVEL
  Liabilities:Bar:Members:Joris      1 DUVEL
  Assets:Inventory:Bar              -1 CHIP 
  Liabilities:Bar:Members:Joris      1 CHIP 

2016-11-10 txn "Bert bought 1 product (-1.50) and has EUR 39.70 left"
  Liabilities:Bar:Members:Bert   1.50 EUR    
  Income:Bar                    -1.50 EUR    
  Assets:Inventory:Bar             -1 JUPILER
  Liabilities:Bar:Members:Bert      1 JUPILER

2016-11-10 txn "thijs bought 2 products (-3.50) and has EUR 4.65 left"
  Liabilities:Bar:Members:Bart   -1.63 EUR   
  Liabilities:Bar:Members:Thijs   3.50 EUR   
  Income:Bar                     -1.87 EUR   
  Assets:Inventory:Bar              -1 KITKAT
  Liabilities:Bar:Members:Thijs      1 KITKAT
  Assets:Inventory:Bar              -1 ORVL  
  Liabilities:Bar:Members:Thijs      1 ORVL  

2016-11-10 txn "sasja bought 1 product (-0.50) and has EUR 8.60 left"
  Liabilities:Bar:Members:Sasja   0.50 EUR  
  Income:Bar                     -0.50 EUR  
  Assets:Inventory:Bar              -1 WATER
  Liabilities:Bar:Members:Sasja      1 WATER

2016-11-10 balance Liabilities:Bar:Members:Koen                    -0.50 EUR
  iline: "198"

2016-11-10 txn "Koen bought 1 product (-1.50) and has EUR -1.00 left"
  Liabilities:Bar:Members:Koen   1.50 EUR    
  Income:Bar                    -1.50 EUR    
  Assets:Inventory:Bar             -1 JUPILER
  Liabilities:Bar:Members:Koen      1 JUPILER

2016-11-10 txn "els bought 1 product (-1.50) and has EUR 32.20 left"
  Liabilities:Bar:Members:Els   1.50 EUR  
  Income:Bar                   -1.50 EUR  
  Assets:Inventory:Bar            -1 FANTA
  Liabilities:Bar:Members:Els      1 FANTA

2016-11-10 txn "elvis bought 1 product (-0.50) and has EUR 1.50 left"
  Liabilities:Bar:Members:Elvis   0.50 EUR     
  Income:Bar                     -0.50 EUR     
  Assets:Inventory:Bar              -1 SNICKERS
  Liabilities:Bar:Members:Elvis      1 SNICKERS

2016-11-10 balance Liabilities:Bar:Members:Enzian                  -5.50 EUR
  iline: "202"

2016-11-10 txn "gillesj bought 1 product (-3.00) and has EUR 2.50 left"
  Liabilities:Bar:Members:Bart    -1.63 EUR 
  Liabilities:Bar:Members:Enzian   3.00 EUR 
  Income:Bar                      -1.37 EUR 
  Assets:Inventory:Bar               -1 ORVL
  Liabilities:Bar:Members:Enzian      1 ORVL

2016-11-10 txn "Merlijn bought 1 product (-0.50) and has EUR 21.75 left"
  Liabilities:Bar:Members:Merlijn   0.50 EUR 
  Income:Bar                       -0.50 EUR 
  Assets:Inventory:Bar                -1 TWIX
  Liabilities:Bar:Members:Merlijn      1 TWIX

2016-11-10 txn "Bert bought 2 products (-2.50) and has EUR 37.20 left"
  Liabilities:Bar:Members:Bert   2.50 EUR 
  Income:Bar                    -2.50 EUR 
  Assets:Inventory:Bar             -1 TWIX
  Liabilities:Bar:Members:Bert      1 TWIX
  Assets:Inventory:Bar             -1 CM  
  Liabilities:Bar:Members:Bert      1 CM  

2016-11-10 txn "Merlijn bought 1 product (-1.50) and has EUR 20.25 left"
  Liabilities:Bar:Members:Merlijn   1.50 EUR   
  Income:Bar                       -1.50 EUR   
  Assets:Inventory:Bar                -1 ICETEA
  Liabilities:Bar:Members:Merlijn      1 ICETEA

2016-11-10 txn "Koen bought 1 product (-1.50) and has EUR -2.50 left"
  Liabilities:Bar:Members:Koen   1.50 EUR    
  Income:Bar                    -1.50 EUR    
  Assets:Inventory:Bar             -1 JUPILER
  Liabilities:Bar:Members:Koen      1 JUPILER

2016-11-10 txn "gillesj bought 1 product (-3.00) and has EUR -0.50 left"
  Liabilities:Bar:Members:Bart    -1.63 EUR 
  Liabilities:Bar:Members:Enzian   3.00 EUR 
  Income:Bar                      -1.37 EUR 
  Assets:Inventory:Bar               -1 ORVL
  Liabilities:Bar:Members:Enzian      1 ORVL

2016-11-10 txn "joris bought 2 products (-2.00) and has EUR 0.50 left"
  Liabilities:Bar:Members:Joris   2.00 EUR     
  Income:Bar                     -2.00 EUR     
  Assets:Inventory:Bar              -1 JUPILER 
  Liabilities:Bar:Members:Joris      1 JUPILER 
  Assets:Inventory:Bar              -1 SNICKERS
  Liabilities:Bar:Members:Joris      1 SNICKERS

2016-11-10 txn "els bought 1 product (-0.50) and has EUR 31.70 left"
  Liabilities:Bar:Members:Els   0.50 EUR 
  Income:Bar                   -0.50 EUR 
  Assets:Inventory:Bar            -1 TWIX
  Liabilities:Bar:Members:Els      1 TWIX

2016-11-10 txn "elvis bought 1 product (-1.50) and has EUR 0.00 left"
  Liabilities:Bar:Members:Elvis   1.50 EUR  
  Income:Bar                     -1.50 EUR  
  Assets:Inventory:Bar              -1 FANTA
  Liabilities:Bar:Members:Elvis      1 FANTA

2016-11-10 txn "Koen bought 1 product (-0.50) and has EUR -3.00 left"
  Liabilities:Bar:Members:Koen   0.50 EUR 
  Income:Bar                    -0.50 EUR 
  Assets:Inventory:Bar             -1 TWIX
  Liabilities:Bar:Members:Koen      1 TWIX

2016-11-10 txn "joris bought 1 product (-0.50) and has EUR 0.00 left"
  Liabilities:Bar:Members:Joris   0.50 EUR 
  Income:Bar                     -0.50 EUR 
  Assets:Inventory:Bar              -1 TWIX
  Liabilities:Bar:Members:Joris      1 TWIX

2016-11-10 txn "Bert bought 1 product (-1.50) and has EUR 35.70 left"
  Liabilities:Bar:Members:Bert   1.50 EUR    
  Income:Bar                    -1.50 EUR    
  Assets:Inventory:Bar             -1 JUPILER
  Liabilities:Bar:Members:Bert      1 JUPILER

2016-11-10 txn "gillesj deposited EUR 50.00 and has now EUR 49.50"
  Liabilities:Bar:Members:Enzian  -50.00 EUR
  Assets:Cash:Bar                  50.00 EUR

2016-11-10 txn "gillesj bought 1 product (-3.00) and has EUR 46.50 left"
  Liabilities:Bar:Members:Bart    -1.63 EUR 
  Liabilities:Bar:Members:Enzian   3.00 EUR 
  Income:Bar                      -1.37 EUR 
  Assets:Inventory:Bar               -1 ORVL
  Liabilities:Bar:Members:Enzian      1 ORVL

2016-11-11 balance Liabilities:Bar:Members:Koen                    3.00 EUR
  iline: "217"

2016-11-11 txn "Koen bought 1 product (-1.50) and has EUR -4.50 left"
  Liabilities:Bar:Members:Koen   1.50 EUR    
  Income:Bar                    -1.50 EUR    
  Assets:Inventory:Bar             -1 JUPILER
  Liabilities:Bar:Members:Koen      1 JUPILER

2016-11-11 balance Liabilities:Bar:Members:Bert                    -35.70 EUR
  iline: "218"

2016-11-11 txn "Bert bought 1 product (-2.00) and has EUR 33.70 left"
  Liabilities:Bar:Members:Bert   2.00 EUR
  Income:Bar                    -2.00 EUR
  Assets:Inventory:Bar             -1 CM 
  Liabilities:Bar:Members:Bert      1 CM 

2016-11-11 balance Liabilities:Bar:Members:Elvis                   0.00 EUR
  iline: "219"

2016-11-11 txn "elvis deposited EUR 5.00 and has now EUR 5.00"
  Liabilities:Bar:Members:Elvis  -5.00 EUR
  Assets:Cash:Bar                 5.00 EUR

2016-11-11 txn "elvis bought 1 product (-0.50) and has EUR 4.50 left"
  Liabilities:Bar:Members:Elvis   0.50 EUR   
  Income:Bar                     -0.50 EUR   
  Assets:Inventory:Bar              -1 KITKAT
  Liabilities:Bar:Members:Elvis      1 KITKAT

2016-11-11 balance Liabilities:Bar:Members:Enzian                  -46.50 EUR
  iline: "221"

2016-11-11 txn "gillesj bought 1 product (-2.00) and has EUR 44.50 left"
  Liabilities:Bar:Members:Enzian   2.00 EUR
  Income:Bar                      -2.00 EUR
  Assets:Inventory:Bar               -1 CM 
  Liabilities:Bar:Members:Enzian      1 CM 

2016-11-11 balance Liabilities:Bar:Members:Ewaut                   -5.00 EUR
  iline: "222"

2016-11-11 txn "ewaut bought 1 product (-0.50) and has EUR 4.50 left"
  Liabilities:Bar:Members:Ewaut   0.50 EUR     
  Income:Bar                     -0.50 EUR     
  Assets:Inventory:Bar              -1 SNICKERS
  Liabilities:Bar:Members:Ewaut      1 SNICKERS

2016-11-11 balance Liabilities:Bar:Members:Thijs                   -4.65 EUR
  iline: "223"

2016-11-11 txn "thijs bought 1 product (-1.50) and has EUR 3.15 left"
  Liabilities:Bar:Members:Thijs   1.50 EUR    
  Income:Bar                     -1.50 EUR    
  Assets:Inventory:Bar              -1 JUPILER
  Liabilities:Bar:Members:Thijs      1 JUPILER

2016-11-11 balance Liabilities:Bar:Members:Bart                    -17.97 EUR
  iline: "225"

2016-11-11 txn "gillesj bought 1 product (-3.00) and has EUR 41.50 left"
  Liabilities:Bar:Members:Bart    -1.63 EUR 
  Liabilities:Bar:Members:Enzian   3.00 EUR 
  Income:Bar                      -1.37 EUR 
  Assets:Inventory:Bar               -1 ORVL
  Liabilities:Bar:Members:Enzian      1 ORVL

2016-11-11 txn "elvis bought 2 products (-1.00) and has EUR 3.50 left"
  Liabilities:Bar:Members:Elvis   1.00 EUR     
  Income:Bar                     -1.00 EUR     
  Assets:Inventory:Bar              -2 SNICKERS
  Liabilities:Bar:Members:Elvis      2 SNICKERS

2016-11-11 txn "Bert bought 1 product (-0.50) and has EUR 33.20 left"
  Liabilities:Bar:Members:Bert   0.50 EUR 
  Income:Bar                    -0.50 EUR 
  Assets:Inventory:Bar             -1 TWIX
  Liabilities:Bar:Members:Bert      1 TWIX

2016-11-11 balance Liabilities:Bar:Members:Superpumpie             12.00 EUR
  iline: "228"

2016-11-11 txn "Tom deposited EUR 10.00 and has now EUR -2.00"
  Liabilities:Bar:Members:Superpumpie  -10.00 EUR
  Assets:Cash:Bar                       10.00 EUR

2016-11-11 txn "Tom deposited EUR 4.00 and has now EUR 2.00"
  Liabilities:Bar:Members:Superpumpie  -4.00 EUR
  Assets:Cash:Bar                       4.00 EUR

2016-11-11 txn "Tom bought 2 products (-5.00) and has EUR -3.00 left"
  Liabilities:Bar:Members:Superpumpie   5.00 EUR  
  Income:Bar                           -5.00 EUR  
  Assets:Inventory:Bar                    -1 ORVL 
  Liabilities:Bar:Members:Superpumpie      1 ORVL 
  Assets:Inventory:Bar                    -1 DUVEL
  Liabilities:Bar:Members:Superpumpie      1 DUVEL

2016-11-11 balance Liabilities:Bar:Members:Bloemist                43.10 EUR
  iline: "231"

2016-11-11 txn "Bloemist bought 1 product (-1.50) and has EUR -44.60 left"
  Liabilities:Bar:Members:Bloemist   1.50 EUR    
  Income:Bar                        -1.50 EUR    
  Assets:Inventory:Bar                 -1 JUPILER
  Liabilities:Bar:Members:Bloemist      1 JUPILER

2016-11-11 txn "Bloemist bought 1 product (-0.50) and has EUR -45.10 left"
  Liabilities:Bar:Members:Bloemist   0.50 EUR 
  Income:Bar                        -0.50 EUR 
  Assets:Inventory:Bar                 -1 TWIX
  Liabilities:Bar:Members:Bloemist      1 TWIX

2016-11-11 txn "Bloemist bought 1 product (-0.50) and has EUR -45.60 left"
  Liabilities:Bar:Members:Bloemist   0.50 EUR 
  Income:Bar                        -0.50 EUR 
  Assets:Inventory:Bar                 -1 CHIP
  Liabilities:Bar:Members:Bloemist      1 CHIP

2016-11-11 txn "Bloemist bought 1 product (-2.00) and has EUR -47.60 left"
  Liabilities:Bar:Members:Bloemist   2.00 EUR
  Income:Bar                        -2.00 EUR
  Assets:Inventory:Bar                 -1 CM 
  Liabilities:Bar:Members:Bloemist      1 CM 

2016-11-11 txn "Bloemist bought 2 products (-1.00) and has EUR -48.60 left"
  Liabilities:Bar:Members:Bloemist   1.00 EUR 
  Income:Bar                        -1.00 EUR 
  Assets:Inventory:Bar                 -1 CHIP
  Liabilities:Bar:Members:Bloemist      1 CHIP
  Assets:Inventory:Bar                 -1 TWIX
  Liabilities:Bar:Members:Bloemist      1 TWIX

2016-11-13 balance Liabilities:Bar:Members:Joris                   0.00 EUR
  iline: "237"

2016-11-13 txn "joris bought 1 product (-1.50) and has EUR -1.50 left"
  Liabilities:Bar:Members:Joris   1.50 EUR      
  Income:Bar                     -1.50 EUR      
  Assets:Inventory:Bar              -1 COKE_ZERO
  Liabilities:Bar:Members:Joris      1 COKE_ZERO

2016-11-13 balance Liabilities:Bar:Members:Bart                    -19.60 EUR
  iline: "238"

2016-11-13 txn "bart bought 2 products (-3.00) and has EUR 16.60 left"
  Liabilities:Bar:Members:Bart   3.00 EUR    
  Income:Bar                    -3.00 EUR    
  Assets:Inventory:Bar             -2 JUPILER
  Liabilities:Bar:Members:Bart      2 JUPILER

2016-11-13 balance Liabilities:Bar:Members:Superpumpie             3.00 EUR
  iline: "239"

2016-11-13 txn "Tom deposited EUR 5.00 and has now EUR 2.00"
  Liabilities:Bar:Members:Superpumpie  -5.00 EUR
  Assets:Cash:Bar                       5.00 EUR

2016-11-13 txn "Tom bought 1 product (-0.50) and has EUR 1.50 left"
  Liabilities:Bar:Members:Superpumpie   0.50 EUR 
  Income:Bar                           -0.50 EUR 
  Assets:Inventory:Bar                    -1 TWIX
  Liabilities:Bar:Members:Superpumpie      1 TWIX

2016-11-13 txn "Tom bought 1 product (-0.50) and has EUR 1.00 left"
  Liabilities:Bar:Members:Superpumpie   0.50 EUR     
  Income:Bar                           -0.50 EUR     
  Assets:Inventory:Bar                    -1 SNICKERS
  Liabilities:Bar:Members:Superpumpie      1 SNICKERS

2016-11-13 balance Liabilities:Bar:Members:Sasja                   -8.60 EUR
  iline: "242"

2016-11-13 txn "sasja bought 3 products (-4.00) and has EUR 4.60 left"
  Liabilities:Bar:Members:Sasja   4.00 EUR    
  Income:Bar                     -4.00 EUR    
  Assets:Inventory:Bar              -1 JUPILER
  Liabilities:Bar:Members:Sasja      1 JUPILER
  Assets:Inventory:Bar              -1 CM     
  Liabilities:Bar:Members:Sasja      1 CM     
  Assets:Inventory:Bar              -1 CHIP   
  Liabilities:Bar:Members:Sasja      1 CHIP   

2016-11-13 balance Liabilities:Bar:Members:Bloemist                48.60 EUR
  iline: "243"

2016-11-13 txn "Bloemist bought 2 products (-2.50) and has EUR -51.10 left"
  Liabilities:Bar:Members:Bloemist   2.50 EUR 
  Income:Bar                        -2.50 EUR 
  Assets:Inventory:Bar                 -1 TWIX
  Liabilities:Bar:Members:Bloemist      1 TWIX
  Assets:Inventory:Bar                 -1 CM  
  Liabilities:Bar:Members:Bloemist      1 CM  

2016-11-13 txn "Bloemist bought 1 product (-0.50) and has EUR -51.60 left"
  Liabilities:Bar:Members:Bloemist   0.50 EUR 
  Income:Bar                        -0.50 EUR 
  Assets:Inventory:Bar                 -1 CHIP
  Liabilities:Bar:Members:Bloemist      1 CHIP

2016-11-15 balance Liabilities:Bar:Members:Sasja                   -4.60 EUR
  iline: "245"
2016-11-15 balance Liabilities:Bar:Members:Bloemist                51.60 EUR
  iline: "245"

2016-11-15 txn "sasja bought 1 product (-7.00) and has EUR -2.40 left"
  Liabilities:Bar:Members:Bloemist  -5.00 EUR    
  Liabilities:Bar:Members:Sasja      7.00 EUR    
  Income:Bar                        -2.00 EUR    
  Assets:Inventory:Bar                 -1 JOYLENT
  Liabilities:Bar:Members:Sasja         1 JOYLENT

2016-11-15 txn "sasja deposited EUR 20.00 and has now EUR 17.60"
  Liabilities:Bar:Members:Sasja  -20.00 EUR
  Assets:Cash:Bar                 20.00 EUR

2016-11-15 txn "sasja bought 1 product (-2.00) and has EUR 15.60 left"
  Liabilities:Bar:Members:Sasja   2.00 EUR  
  Income:Bar                     -2.00 EUR  
  Assets:Inventory:Bar              -1 DUVEL
  Liabilities:Bar:Members:Sasja      1 DUVEL

2016-11-15 txn "Bloemist bought 1 product (-1.50) and has EUR -48.10 left"
  Liabilities:Bar:Members:Bloemist   1.50 EUR   
  Income:Bar                        -1.50 EUR   
  Assets:Inventory:Bar                 -1 ICETEA
  Liabilities:Bar:Members:Bloemist      1 ICETEA

2016-11-15 txn "sasja bought 1 product (-0.50) and has EUR 15.10 left"
  Liabilities:Bar:Members:Sasja   0.50 EUR 
  Income:Bar                     -0.50 EUR 
  Assets:Inventory:Bar              -1 CHIP
  Liabilities:Bar:Members:Sasja      1 CHIP

2016-11-15 txn "Bloemist bought 2 products (-2.50) and has EUR -50.60 left"
  Liabilities:Bar:Members:Bloemist   2.50 EUR 
  Income:Bar                        -2.50 EUR 
  Assets:Inventory:Bar                 -1 CM  
  Liabilities:Bar:Members:Bloemist      1 CM  
  Assets:Inventory:Bar                 -1 CHIP
  Liabilities:Bar:Members:Bloemist      1 CHIP

2016-11-15 txn "sasja bought 1 product (-0.50) and has EUR 14.60 left"
  Liabilities:Bar:Members:Sasja   0.50 EUR 
  Income:Bar                     -0.50 EUR 
  Assets:Inventory:Bar              -1 MARS
  Liabilities:Bar:Members:Sasja      1 MARS

2016-11-15 txn "Bloemist bought 1 product (-0.50) and has EUR -51.10 left"
  Liabilities:Bar:Members:Bloemist   0.50 EUR 
  Income:Bar                        -0.50 EUR 
  Assets:Inventory:Bar                 -1 CHIP
  Liabilities:Bar:Members:Bloemist      1 CHIP

2016-11-17 balance Liabilities:Bar:Members:Bloemist                51.10 EUR
  iline: "255"

2016-11-17 txn "Bloemist bought 1 product (-1.50) and has EUR -52.60 left"
  Liabilities:Bar:Members:Bloemist   1.50 EUR   
  Income:Bar                        -1.50 EUR   
  Assets:Inventory:Bar                 -1 ICETEA
  Liabilities:Bar:Members:Bloemist      1 ICETEA

2016-11-17 balance Liabilities:Bar:Members:Joris                   1.50 EUR
  iline: "256"

2016-11-17 txn "joris bought 2 products (-3.50) and has EUR -5.00 left"
  Liabilities:Bar:Members:Joris   3.50 EUR 
  Income:Bar                     -3.50 EUR 
  Assets:Inventory:Bar              -1 ORVL
  Liabilities:Bar:Members:Joris      1 ORVL
  Assets:Inventory:Bar              -1 CHIP
  Liabilities:Bar:Members:Joris      1 CHIP

2016-11-17 balance Liabilities:Bar:Members:Koen                    4.50 EUR
  iline: "257"

2016-11-17 txn "Koen bought 2 products (-3.00) and has EUR -7.50 left"
  Liabilities:Bar:Members:Koen   3.00 EUR    
  Income:Bar                    -3.00 EUR    
  Assets:Inventory:Bar             -2 JUPILER
  Liabilities:Bar:Members:Koen      2 JUPILER

2016-11-17 txn "joris deposited EUR 10.00 and has now EUR 5.00"
  Liabilities:Bar:Members:Joris  -10.00 EUR
  Assets:Cash:Bar                 10.00 EUR

2016-11-17 txn "joris bought 2 products (-1.00) and has EUR 4.00 left"
  Liabilities:Bar:Members:Joris   1.00 EUR   
  Income:Bar                     -1.00 EUR   
  Assets:Inventory:Bar              -1 KITKAT
  Liabilities:Bar:Members:Joris      1 KITKAT
  Assets:Inventory:Bar              -1 TWIX  
  Liabilities:Bar:Members:Joris      1 TWIX  

2016-11-17 txn "Koen deposited EUR 12.70 and has now EUR 5.20"
  Liabilities:Bar:Members:Koen  -12.70 EUR
  Assets:Cash:Bar                12.70 EUR

2016-11-17 txn "Koen bought 2 products (-3.00) and has EUR 2.20 left"
  Liabilities:Bar:Members:Koen   3.00 EUR    
  Income:Bar                    -3.00 EUR    
  Assets:Inventory:Bar             -2 JUPILER
  Liabilities:Bar:Members:Koen      2 JUPILER

2016-11-17 txn "Koen bought 1 product (-1.50) and has EUR 0.70 left"
  Liabilities:Bar:Members:Koen   1.50 EUR    
  Income:Bar                    -1.50 EUR    
  Assets:Inventory:Bar             -1 JUPILER
  Liabilities:Bar:Members:Koen      1 JUPILER

2016-11-17 txn "Bloemist bought 2 products (-3.00) and has EUR -55.60 left"
  Liabilities:Bar:Members:Bloemist   3.00 EUR    
  Income:Bar                        -3.00 EUR    
  Assets:Inventory:Bar                 -2 JUPILER
  Liabilities:Bar:Members:Bloemist      2 JUPILER

2016-11-17 balance Liabilities:Bar:Members:Ewaut                   -4.50 EUR
  iline: "265"

2016-11-17 txn "ewaut bought 1 product (-1.50) and has EUR 3.00 left"
  Liabilities:Bar:Members:Ewaut   1.50 EUR   
  Income:Bar                     -1.50 EUR   
  Assets:Inventory:Bar              -1 ICETEA
  Liabilities:Bar:Members:Ewaut      1 ICETEA

2016-11-17 balance Liabilities:Bar:Members:Bart                    -16.60 EUR
  iline: "266"

2016-11-17 txn "bart bought 1 product (-1.50) and has EUR 15.10 left"
  Liabilities:Bar:Members:Bart   1.50 EUR    
  Income:Bar                    -1.50 EUR    
  Assets:Inventory:Bar             -1 JUPILER
  Liabilities:Bar:Members:Bart      1 JUPILER

2016-11-17 balance Liabilities:Bar:Members:Thijs                   -3.15 EUR
  iline: "267"

2016-11-17 txn "thijs bought 1 product (-1.50) and has EUR 1.65 left"
  Liabilities:Bar:Members:Thijs   1.50 EUR    
  Income:Bar                     -1.50 EUR    
  Assets:Inventory:Bar              -1 JUPILER
  Liabilities:Bar:Members:Thijs      1 JUPILER

2016-11-17 txn "thijs bought 2 products (-3.00) and has EUR -1.35 left"
  Liabilities:Bar:Members:Thijs   3.00 EUR    
  Income:Bar                     -3.00 EUR    
  Assets:Inventory:Bar              -1 ICETEA 
  Liabilities:Bar:Members:Thijs      1 ICETEA 
  Assets:Inventory:Bar              -1 JUPILER
  Liabilities:Bar:Members:Thijs      1 JUPILER

2016-11-17 txn "thijs bought 1 product (-0.50) and has EUR -1.85 left"
  Liabilities:Bar:Members:Thijs   0.50 EUR   
  Income:Bar                     -0.50 EUR   
  Assets:Inventory:Bar              -1 KITKAT
  Liabilities:Bar:Members:Thijs      1 KITKAT

2016-11-17 txn "thijs bought 1 product (-0.50) and has EUR -2.35 left"
  Liabilities:Bar:Members:Thijs   0.50 EUR   
  Income:Bar                     -0.50 EUR   
  Assets:Inventory:Bar              -1 KITKAT
  Liabilities:Bar:Members:Thijs      1 KITKAT

2016-11-17 txn "Koen bought 1 product (-1.50) and has EUR -0.80 left"
  Liabilities:Bar:Members:Koen   1.50 EUR    
  Income:Bar                    -1.50 EUR    
  Assets:Inventory:Bar             -1 JUPILER
  Liabilities:Bar:Members:Koen      1 JUPILER

2016-11-17 txn "Koen bought 2 products (-2.00) and has EUR -2.80 left"
  Liabilities:Bar:Members:Koen   2.00 EUR   
  Income:Bar                    -2.00 EUR   
  Assets:Inventory:Bar             -1 COKE  
  Liabilities:Bar:Members:Koen      1 COKE  
  Assets:Inventory:Bar             -1 KITKAT
  Liabilities:Bar:Members:Koen      1 KITKAT

2016-11-18 balance Liabilities:Bar:Members:Bloemist                55.60 EUR
  iline: "275"

2016-11-18 txn "Bloemist bought 1 product (-0.50) and has EUR -56.10 left"
  Liabilities:Bar:Members:Bloemist   0.50 EUR 
  Income:Bar                        -0.50 EUR 
  Assets:Inventory:Bar                 -1 CHIP
  Liabilities:Bar:Members:Bloemist      1 CHIP

2016-11-18 txn "Bloemist bought 1 product (-1.50) and has EUR -57.60 left"
  Liabilities:Bar:Members:Bloemist   1.50 EUR   
  Income:Bar                        -1.50 EUR   
  Assets:Inventory:Bar                 -1 ICETEA
  Liabilities:Bar:Members:Bloemist      1 ICETEA

2016-11-18 txn "Bloemist bought 1 product (-0.50) and has EUR -58.10 left"
  Liabilities:Bar:Members:Bloemist   0.50 EUR 
  Income:Bar                        -0.50 EUR 
  Assets:Inventory:Bar                 -1 CHIP
  Liabilities:Bar:Members:Bloemist      1 CHIP

2016-11-18 txn "Bloemist bought 1 product (-0.50) and has EUR -58.60 left"
  Liabilities:Bar:Members:Bloemist   0.50 EUR 
  Income:Bar                        -0.50 EUR 
  Assets:Inventory:Bar                 -1 TWIX
  Liabilities:Bar:Members:Bloemist      1 TWIX

2016-11-18 txn "Bloemist bought 1 product (-2.00) and has EUR -60.60 left"
  Liabilities:Bar:Members:Bloemist   2.00 EUR
  Income:Bar                        -2.00 EUR
  Assets:Inventory:Bar                 -1 CM 
  Liabilities:Bar:Members:Bloemist      1 CM 

2016-11-18 txn "Bloemist bought 1 product (-0.50) and has EUR -61.10 left"
  Liabilities:Bar:Members:Bloemist   0.50 EUR 
  Income:Bar                        -0.50 EUR 
  Assets:Inventory:Bar                 -1 CHIP
  Liabilities:Bar:Members:Bloemist      1 CHIP

2016-11-18 txn "Bloemist bought 1 product (-0.50) and has EUR -61.60 left"
  Liabilities:Bar:Members:Bloemist   0.50 EUR 
  Income:Bar                        -0.50 EUR 
  Assets:Inventory:Bar                 -1 TWIX
  Liabilities:Bar:Members:Bloemist      1 TWIX

2016-11-19 balance Liabilities:Bar:Members:Bloemist                61.60 EUR
  iline: "282"

2016-11-19 txn "Bloemist bought 1 product (-0.50) and has EUR -62.10 left"
  Liabilities:Bar:Members:Bloemist   0.50 EUR 
  Income:Bar                        -0.50 EUR 
  Assets:Inventory:Bar                 -1 TWIX
  Liabilities:Bar:Members:Bloemist      1 TWIX

2016-11-19 txn "Bloemist bought 1 product (-2.00) and has EUR -64.10 left"
  Liabilities:Bar:Members:Bloemist   2.00 EUR
  Income:Bar                        -2.00 EUR
  Assets:Inventory:Bar                 -1 CM 
  Liabilities:Bar:Members:Bloemist      1 CM 

2016-11-19 txn "Bloemist bought 1 product (-0.50) and has EUR -64.60 left"
  Liabilities:Bar:Members:Bloemist   0.50 EUR 
  Income:Bar                        -0.50 EUR 
  Assets:Inventory:Bar                 -1 TWIX
  Liabilities:Bar:Members:Bloemist      1 TWIX

2016-11-20 balance Liabilities:Bar:Members:Els                     -31.70 EUR
  iline: "292"

2016-11-20 txn "els bought 2 products (-1.00) and has EUR 30.70 left"
  Liabilities:Bar:Members:Els   1.00 EUR 
  Income:Bar                   -1.00 EUR 
  Assets:Inventory:Bar            -2 CHIP
  Liabilities:Bar:Members:Els      2 CHIP

2016-11-20 txn "els bought 1 product (-1.50) and has EUR 29.20 left"
  Liabilities:Bar:Members:Els   1.50 EUR  
  Income:Bar                   -1.50 EUR  
  Assets:Inventory:Bar            -1 FANTA
  Liabilities:Bar:Members:Els      1 FANTA

2016-11-20 txn "els bought 2 products (-1.00) and has EUR 28.20 left"
  Liabilities:Bar:Members:Els   1.00 EUR   
  Income:Bar                   -1.00 EUR   
  Assets:Inventory:Bar            -2 KITKAT
  Liabilities:Bar:Members:Els      2 KITKAT

2016-11-20 balance Liabilities:Bar:Members:Thijs                   2.35 EUR
  iline: "296"

2016-11-20 txn "thijs bought 2 products (-3.00) and has EUR -5.35 left"
  Liabilities:Bar:Members:Thijs   3.00 EUR       
  Income:Bar                     -3.00 EUR       
  Assets:Inventory:Bar              -1 COKE_LIGHT
  Liabilities:Bar:Members:Thijs      1 COKE_LIGHT
  Assets:Inventory:Bar              -1 ICETEA    
  Liabilities:Bar:Members:Thijs      1 ICETEA    

2016-11-20 txn "thijs bought 2 products (-1.00) and has EUR -6.35 left"
  Liabilities:Bar:Members:Thijs   1.00 EUR   
  Income:Bar                     -1.00 EUR   
  Assets:Inventory:Bar              -2 KITKAT
  Liabilities:Bar:Members:Thijs      2 KITKAT

2016-11-20 txn "thijs deposited EUR 2.00 and has now EUR -4.35"
  Liabilities:Bar:Members:Thijs  -2.00 EUR
  Assets:Cash:Bar                 2.00 EUR

2016-11-20 balance Liabilities:Bar:Members:Bloemist                64.60 EUR
  iline: "299"

2016-11-20 txn "Bloemist bought 1 product (-1.50) and has EUR -66.10 left"
  Liabilities:Bar:Members:Bloemist   1.50 EUR   
  Income:Bar                        -1.50 EUR   
  Assets:Inventory:Bar                 -1 ICETEA
  Liabilities:Bar:Members:Bloemist      1 ICETEA

2016-11-20 txn "thijs bought 1 product (-0.50) and has EUR -4.85 left"
  Liabilities:Bar:Members:Thijs   0.50 EUR   
  Income:Bar                     -0.50 EUR   
  Assets:Inventory:Bar              -1 KITKAT
  Liabilities:Bar:Members:Thijs      1 KITKAT

2016-11-20 txn "thijs bought 1 product (-1.50) and has EUR -6.35 left"
  Liabilities:Bar:Members:Thijs   1.50 EUR    
  Income:Bar                     -1.50 EUR    
  Assets:Inventory:Bar              -1 JUPILER
  Liabilities:Bar:Members:Thijs      1 JUPILER

2016-11-20 balance Liabilities:Bar:Members:Bart                    -15.10 EUR
  iline: "302"

2016-11-20 txn "bart bought 1 product (-0.50) and has EUR 14.60 left"
  Liabilities:Bar:Members:Bart   0.50 EUR  
  Income:Bar                    -0.50 EUR  
  Assets:Inventory:Bar             -1 WATER
  Liabilities:Bar:Members:Bart      1 WATER

2016-11-22 balance Liabilities:Bar:Members:Thijs                   6.35 EUR
  iline: "303"

2016-11-22 txn "thijs bought 1 product (-0.50) and has EUR -6.85 left"
  Liabilities:Bar:Members:Thijs   0.50 EUR   
  Income:Bar                     -0.50 EUR   
  Assets:Inventory:Bar              -1 KITKAT
  Liabilities:Bar:Members:Thijs      1 KITKAT

2016-11-22 balance Liabilities:Bar:Members:Els                     -28.20 EUR
  iline: "304"

2016-11-22 txn "els bought 3 products (-1.50) and has EUR 26.70 left"
  Liabilities:Bar:Members:Els   1.50 EUR  
  Income:Bar                   -1.50 EUR  
  Assets:Inventory:Bar            -2 CHIP 
  Liabilities:Bar:Members:Els      2 CHIP 
  Assets:Inventory:Bar            -1 WATER
  Liabilities:Bar:Members:Els      1 WATER

2016-11-22 balance Liabilities:Bar:Members:Sasja                   -14.60 EUR
  iline: "305"

2016-11-22 txn "sasja bought 1 product (-1.50) and has EUR 13.10 left"
  Liabilities:Bar:Members:Sasja   1.50 EUR    
  Income:Bar                     -1.50 EUR    
  Assets:Inventory:Bar              -1 JUPILER
  Liabilities:Bar:Members:Sasja      1 JUPILER

2016-11-22 balance Liabilities:Bar:Members:Bloemist                66.10 EUR
  iline: "306"

2016-11-22 txn "Bloemist bought 1 product (-2.00) and has EUR -68.10 left"
  Liabilities:Bar:Members:Bloemist   2.00 EUR
  Income:Bar                        -2.00 EUR
  Assets:Inventory:Bar                 -1 CM 
  Liabilities:Bar:Members:Bloemist      1 CM 

2016-11-22 balance Liabilities:Bar:Members:Koen                    2.80 EUR
  iline: "308"

2016-11-22 txn "Koen bought 1 product (-1.50) and has EUR -4.30 left"
  Liabilities:Bar:Members:Koen   1.50 EUR   
  Income:Bar                    -1.50 EUR   
  Assets:Inventory:Bar             -1 ICETEA
  Liabilities:Bar:Members:Koen      1 ICETEA

2016-11-22 txn "Koen deposited EUR 5.00 and has now EUR 0.70"
  Liabilities:Bar:Members:Koen  -5.00 EUR
  Assets:Cash:Bar                5.00 EUR

2016-11-22 txn "thijs bought 1 product (-2.00) and has EUR -8.85 left"
  Liabilities:Bar:Members:Thijs   2.00 EUR
  Income:Bar                     -2.00 EUR
  Assets:Inventory:Bar              -1 CM 
  Liabilities:Bar:Members:Thijs      1 CM 

2016-11-22 txn "sasja bought 1 product (-1.50) and has EUR 11.60 left"
  Liabilities:Bar:Members:Sasja   1.50 EUR    
  Income:Bar                     -1.50 EUR    
  Assets:Inventory:Bar              -1 JUPILER
  Liabilities:Bar:Members:Sasja      1 JUPILER

2016-11-22 txn "els bought 1 product (-1.50) and has EUR 25.20 left"
  Liabilities:Bar:Members:Els   1.50 EUR   
  Income:Bar                   -1.50 EUR   
  Assets:Inventory:Bar            -1 ICETEA
  Liabilities:Bar:Members:Els      1 ICETEA

2016-11-22 txn "sasja bought 1 product (-0.50) and has EUR 11.10 left"
  Liabilities:Bar:Members:Sasja   0.50 EUR 
  Income:Bar                     -0.50 EUR 
  Assets:Inventory:Bar              -1 CHIP
  Liabilities:Bar:Members:Sasja      1 CHIP

2016-11-22 balance Liabilities:Bar:Members:Superpumpie             -1.00 EUR
  iline: "314"

2016-11-22 txn "Tom bought 1 product (-1.50) and has EUR -0.50 left"
  Liabilities:Bar:Members:Superpumpie   1.50 EUR   
  Income:Bar                           -1.50 EUR   
  Assets:Inventory:Bar                    -1 ICETEA
  Liabilities:Bar:Members:Superpumpie      1 ICETEA

2016-11-22 txn "Bloemist bought 1 product (-0.50) and has EUR -68.60 left"
  Liabilities:Bar:Members:Bloemist   0.50 EUR 
  Income:Bar                        -0.50 EUR 
  Assets:Inventory:Bar                 -1 CHIP
  Liabilities:Bar:Members:Bloemist      1 CHIP

2016-11-22 txn "sasja bought 1 product (-0.50) and has EUR 10.60 left"
  Liabilities:Bar:Members:Sasja   0.50 EUR 
  Income:Bar                     -0.50 EUR 
  Assets:Inventory:Bar              -1 CHIP
  Liabilities:Bar:Members:Sasja      1 CHIP

2016-11-22 txn "Bloemist bought 1 product (-0.50) and has EUR -69.10 left"
  Liabilities:Bar:Members:Bloemist   0.50 EUR 
  Income:Bar                        -0.50 EUR 
  Assets:Inventory:Bar                 -1 TWIX
  Liabilities:Bar:Members:Bloemist      1 TWIX

2016-11-22 txn "Bloemist bought 1 product (-0.50) and has EUR -69.60 left"
  Liabilities:Bar:Members:Bloemist   0.50 EUR 
  Income:Bar                        -0.50 EUR 
  Assets:Inventory:Bar                 -1 TWIX
  Liabilities:Bar:Members:Bloemist      1 TWIX

2016-11-22 txn "Tom bought 1 product (-0.50) and has EUR -1.00 left"
  Liabilities:Bar:Members:Superpumpie   0.50 EUR     
  Income:Bar                           -0.50 EUR     
  Assets:Inventory:Bar                    -1 SNICKERS
  Liabilities:Bar:Members:Superpumpie      1 SNICKERS

2016-11-22 txn "sasja bought 1 product (-0.50) and has EUR 10.10 left"
  Liabilities:Bar:Members:Sasja   0.50 EUR 
  Income:Bar                     -0.50 EUR 
  Assets:Inventory:Bar              -1 CHIP
  Liabilities:Bar:Members:Sasja      1 CHIP

2016-11-22 txn "sasja bought 2 products (-2.50) and has EUR 7.60 left"
  Liabilities:Bar:Members:Sasja   2.50 EUR     
  Income:Bar                     -2.50 EUR     
  Assets:Inventory:Bar              -1 SNICKERS
  Liabilities:Bar:Members:Sasja      1 SNICKERS
  Assets:Inventory:Bar              -1 CM      
  Liabilities:Bar:Members:Sasja      1 CM      

2016-11-23 balance Liabilities:Bar:Members:Sasja                   -7.60 EUR
  iline: "326"

2016-11-23 txn "sasja bought 1 product (-1.50) and has EUR 6.10 left"
  Liabilities:Bar:Members:Sasja   1.50 EUR    
  Income:Bar                     -1.50 EUR    
  Assets:Inventory:Bar              -1 JUPILER
  Liabilities:Bar:Members:Sasja      1 JUPILER

2016-11-23 balance Liabilities:Bar:Members:Bert                    -33.20 EUR
  iline: "327"

2016-11-23 txn "Bert bought 6 products (-6.50) and has EUR 26.70 left"
  Liabilities:Bar:Members:Bert   6.50 EUR     
  Income:Bar                    -6.50 EUR     
  Assets:Inventory:Bar             -2 SNICKERS
  Liabilities:Bar:Members:Bert      2 SNICKERS
  Assets:Inventory:Bar             -1 CHIP    
  Liabilities:Bar:Members:Bert      1 CHIP    
  Assets:Inventory:Bar             -1 CM      
  Liabilities:Bar:Members:Bert      1 CM      
  Assets:Inventory:Bar             -2 JUPILER 
  Liabilities:Bar:Members:Bert      2 JUPILER 

2016-11-24 balance Liabilities:Bar:Members:Merlijn                 -20.25 EUR
  iline: "329"

2016-11-24 txn "Merlijn bought 1 product (-1.50) and has EUR 18.75 left"
  Liabilities:Bar:Members:Merlijn   1.50 EUR   
  Income:Bar                       -1.50 EUR   
  Assets:Inventory:Bar                -1 ICETEA
  Liabilities:Bar:Members:Merlijn      1 ICETEA

2016-11-24 balance Liabilities:Bar:Members:Bert                    -26.70 EUR
  iline: "330"

2016-11-24 txn "Bert bought 2 products (-2.00) and has EUR 24.70 left"
  Liabilities:Bar:Members:Bert   2.00 EUR    
  Income:Bar                    -2.00 EUR    
  Assets:Inventory:Bar             -1 CHIP   
  Liabilities:Bar:Members:Bert      1 CHIP   
  Assets:Inventory:Bar             -1 JUPILER
  Liabilities:Bar:Members:Bert      1 JUPILER

2016-11-24 balance Liabilities:Bar:Members:Joris                   -4.00 EUR
  iline: "331"

2016-11-24 txn "joris bought 1 product (-2.00) and has EUR 2.00 left"
  Liabilities:Bar:Members:Joris   2.00 EUR  
  Income:Bar                     -2.00 EUR  
  Assets:Inventory:Bar              -1 DUVEL
  Liabilities:Bar:Members:Joris      1 DUVEL

2016-11-24 txn "Merlijn bought 1 product (-0.50) and has EUR 18.25 left"
  Liabilities:Bar:Members:Merlijn   0.50 EUR     
  Income:Bar                       -0.50 EUR     
  Assets:Inventory:Bar                -1 SNICKERS
  Liabilities:Bar:Members:Merlijn      1 SNICKERS

2016-11-24 txn "joris bought 1 product (-0.50) and has EUR 1.50 left"
  Liabilities:Bar:Members:Joris   0.50 EUR 
  Income:Bar                     -0.50 EUR 
  Assets:Inventory:Bar              -1 CHIP
  Liabilities:Bar:Members:Joris      1 CHIP

2016-11-24 txn "Merlijn bought 2 products (-3.00) and has EUR 15.25 left"
  Liabilities:Bar:Members:Merlijn   3.00 EUR    
  Income:Bar                       -3.00 EUR    
  Assets:Inventory:Bar                -1 JUPILER
  Liabilities:Bar:Members:Merlijn      1 JUPILER
  Assets:Inventory:Bar                -1 ICETEA 
  Liabilities:Bar:Members:Merlijn      1 ICETEA 

2016-11-24 balance Liabilities:Bar:Members:Bart                    -14.60 EUR
  iline: "335"

2016-11-24 txn "bart bought 1 product (-1.50) and has EUR 13.10 left"
  Liabilities:Bar:Members:Bart   1.50 EUR    
  Income:Bar                    -1.50 EUR    
  Assets:Inventory:Bar             -1 JUPILER
  Liabilities:Bar:Members:Bart      1 JUPILER

2016-11-24 txn "joris bought 1 product (-0.50) and has EUR 1.00 left"
  Liabilities:Bar:Members:Joris   0.50 EUR   
  Income:Bar                     -0.50 EUR   
  Assets:Inventory:Bar              -1 KITKAT
  Liabilities:Bar:Members:Joris      1 KITKAT

2016-11-24 balance Liabilities:Bar:Members:Koen                    -0.70 EUR
  iline: "338"

2016-11-24 txn "Koen bought 1 product (-1.50) and has EUR -0.80 left"
  Liabilities:Bar:Members:Koen   1.50 EUR   
  Income:Bar                    -1.50 EUR   
  Assets:Inventory:Bar             -1 ICETEA
  Liabilities:Bar:Members:Koen      1 ICETEA

2016-11-24 txn "joris bought 1 product (-1.50) and has EUR -0.50 left"
  Liabilities:Bar:Members:Joris   1.50 EUR    
  Income:Bar                     -1.50 EUR    
  Assets:Inventory:Bar              -1 JUPILER
  Liabilities:Bar:Members:Joris      1 JUPILER

2016-11-24 balance Liabilities:Bar:Members:Sasja                   -6.10 EUR
  iline: "341"

2016-11-24 txn "sasja bought 1 product (-1.50) and has EUR 4.60 left"
  Liabilities:Bar:Members:Sasja   1.50 EUR    
  Income:Bar                     -1.50 EUR    
  Assets:Inventory:Bar              -1 JUPILER
  Liabilities:Bar:Members:Sasja      1 JUPILER

2016-11-24 balance Liabilities:Bar:Members:Bloemist                69.60 EUR
  iline: "342"

2016-11-24 txn "Bloemist bought 1 product (-2.00) and has EUR -71.60 left"
  Liabilities:Bar:Members:Bloemist   2.00 EUR
  Income:Bar                        -2.00 EUR
  Assets:Inventory:Bar                 -1 CM 
  Liabilities:Bar:Members:Bloemist      1 CM 

2016-11-24 txn "sasja bought 1 product (-0.50) and has EUR 4.10 left"
  Liabilities:Bar:Members:Sasja   0.50 EUR 
  Income:Bar                     -0.50 EUR 
  Assets:Inventory:Bar              -1 CHIP
  Liabilities:Bar:Members:Sasja      1 CHIP

2016-11-24 balance Liabilities:Bar:Members:Elvis                   -3.50 EUR
  iline: "347"

2016-11-24 txn "elvis bought 1 product (-1.50) and has EUR 2.00 left"
  Liabilities:Bar:Members:Elvis   1.50 EUR  
  Income:Bar                     -1.50 EUR  
  Assets:Inventory:Bar              -1 FANTA
  Liabilities:Bar:Members:Elvis      1 FANTA

2016-11-24 txn "Koen bought 1 product (-1.50) and has EUR -2.30 left"
  Liabilities:Bar:Members:Koen   1.50 EUR    
  Income:Bar                    -1.50 EUR    
  Assets:Inventory:Bar             -1 JUPILER
  Liabilities:Bar:Members:Koen      1 JUPILER

2016-11-24 balance Liabilities:Bar:Members:Superpumpie             1.00 EUR
  iline: "350"

2016-11-24 txn "Tom bought 1 product (-1.50) and has EUR -2.50 left"
  Liabilities:Bar:Members:Superpumpie   1.50 EUR    
  Income:Bar                           -1.50 EUR    
  Assets:Inventory:Bar                    -1 JUPILER
  Liabilities:Bar:Members:Superpumpie      1 JUPILER

2016-11-26 balance Liabilities:Bar:Members:Bart                    -13.10 EUR
  iline: "352"

2016-11-26 txn "bart bought 1 product (-0.50) and has EUR 12.60 left"
  Liabilities:Bar:Members:Bart   0.50 EUR 
  Income:Bar                    -0.50 EUR 
  Assets:Inventory:Bar             -1 CHIP
  Liabilities:Bar:Members:Bart      1 CHIP

2016-11-26 txn "bart deposited EUR 0.50 and has now EUR 13.10"
  Liabilities:Bar:Members:Bart  -0.50 EUR
  Assets:Cash:Bar                0.50 EUR

2016-11-26 balance Liabilities:Bar:Members:Koen                    2.30 EUR
  iline: "354"

2016-11-26 txn "Koen bought 1 product (-1.50) and has EUR -3.80 left"
  Liabilities:Bar:Members:Koen   1.50 EUR    
  Income:Bar                    -1.50 EUR    
  Assets:Inventory:Bar             -1 JUPILER
  Liabilities:Bar:Members:Koen      1 JUPILER

2016-11-26 txn "Koen bought 2 products (-2.00) and has EUR -5.80 left"
  Liabilities:Bar:Members:Koen   2.00 EUR    
  Income:Bar                    -2.00 EUR    
  Assets:Inventory:Bar             -1 JUPILER
  Liabilities:Bar:Members:Koen      1 JUPILER
  Assets:Inventory:Bar             -1 KITKAT 
  Liabilities:Bar:Members:Koen      1 KITKAT 

2016-11-26 txn "Koen bought 1 product (-0.50) and has EUR -6.30 left"
  Liabilities:Bar:Members:Koen   0.50 EUR 
  Income:Bar                    -0.50 EUR 
  Assets:Inventory:Bar             -1 CHIP
  Liabilities:Bar:Members:Koen      1 CHIP

2016-11-29 balance Liabilities:Bar:Members:Koen                    6.30 EUR
  iline: "358"

2016-11-29 txn "Koen bought 1 product (-1.50) and has EUR -7.80 left"
  Liabilities:Bar:Members:Koen   1.50 EUR    
  Income:Bar                    -1.50 EUR    
  Assets:Inventory:Bar             -1 JUPILER
  Liabilities:Bar:Members:Koen      1 JUPILER

2016-11-29 balance Liabilities:Bar:Members:Bart                    -13.10 EUR
  iline: "360"

2016-11-29 txn "bart bought 2 products (-3.00) and has EUR 10.10 left"
  Liabilities:Bar:Members:Bart   3.00 EUR    
  Income:Bar                    -3.00 EUR    
  Assets:Inventory:Bar             -2 JUPILER
  Liabilities:Bar:Members:Bart      2 JUPILER

2016-11-29 txn "Koen bought 1 product (-1.50) and has EUR -9.30 left"
  Liabilities:Bar:Members:Koen   1.50 EUR    
  Income:Bar                    -1.50 EUR    
  Assets:Inventory:Bar             -1 JUPILER
  Liabilities:Bar:Members:Koen      1 JUPILER

2016-11-29 balance Liabilities:Bar:Members:Sasja                   -4.10 EUR
  iline: "362"

2016-11-29 txn "sasja bought 1 product (-2.00) and has EUR 2.10 left"
  Liabilities:Bar:Members:Sasja   2.00 EUR
  Income:Bar                     -2.00 EUR
  Assets:Inventory:Bar              -1 CM 
  Liabilities:Bar:Members:Sasja      1 CM 

2016-11-29 txn "sasja bought 1 product (-0.50) and has EUR 1.60 left"
  Liabilities:Bar:Members:Sasja   0.50 EUR   
  Income:Bar                     -0.50 EUR   
  Assets:Inventory:Bar              -1 KITKAT
  Liabilities:Bar:Members:Sasja      1 KITKAT

2016-11-29 txn "Koen bought 2 products (-3.00) and has EUR -12.30 left"
  Liabilities:Bar:Members:Koen   3.00 EUR    
  Income:Bar                    -3.00 EUR    
  Assets:Inventory:Bar             -2 JUPILER
  Liabilities:Bar:Members:Koen      2 JUPILER

2016-11-29 balance Liabilities:Bar:Members:Thijs                   8.85 EUR
  iline: "366"

2016-11-29 txn "thijs bought 1 product (-0.50) and has EUR -9.35 left"
  Liabilities:Bar:Members:Thijs   0.50 EUR   
  Income:Bar                     -0.50 EUR   
  Assets:Inventory:Bar              -1 KITKAT
  Liabilities:Bar:Members:Thijs      1 KITKAT

2016-11-29 txn "thijs bought 1 product (-0.50) and has EUR -9.85 left"
  Liabilities:Bar:Members:Thijs   0.50 EUR   
  Income:Bar                     -0.50 EUR   
  Assets:Inventory:Bar              -1 KITKAT
  Liabilities:Bar:Members:Thijs      1 KITKAT

2016-11-29 txn "thijs bought 1 product (-1.50) and has EUR -11.35 left"
  Liabilities:Bar:Members:Thijs   1.50 EUR    
  Income:Bar                     -1.50 EUR    
  Assets:Inventory:Bar              -1 JUPILER
  Liabilities:Bar:Members:Thijs      1 JUPILER

2016-11-29 txn "Koen bought 2 products (-2.00) and has EUR -14.30 left"
  Liabilities:Bar:Members:Koen   2.00 EUR   
  Income:Bar                    -2.00 EUR   
  Assets:Inventory:Bar             -1 FANTA 
  Liabilities:Bar:Members:Koen      1 FANTA 
  Assets:Inventory:Bar             -1 KITKAT
  Liabilities:Bar:Members:Koen      1 KITKAT

2016-11-29 txn "Koen deposited EUR 1.50 and has now EUR -12.80"
  Liabilities:Bar:Members:Koen  -1.50 EUR
  Assets:Cash:Bar                1.50 EUR

2016-11-29 txn "Koen deposited EUR 20.00 and has now EUR 7.20"
  Liabilities:Bar:Members:Koen  -20.00 EUR
  Assets:Cash:Bar                20.00 EUR

2016-11-30 balance Liabilities:Bar:Members:Thijs                   11.35 EUR
  iline: "372"

2016-11-30 txn "thijs bought 1 product (-0.50) and has EUR -11.85 left"
  Liabilities:Bar:Members:Thijs   0.50 EUR   
  Income:Bar                     -0.50 EUR   
  Assets:Inventory:Bar              -1 KITKAT
  Liabilities:Bar:Members:Thijs      1 KITKAT

2016-12-01 balance Liabilities:Bar:Members:Bart                    -10.10 EUR
  iline: "373"

2016-12-01 txn "bart bought 1 product (-1.50) and has EUR 8.60 left"
  Liabilities:Bar:Members:Bart   1.50 EUR 
  Income:Bar                    -1.50 EUR 
  Assets:Inventory:Bar             -1 COKE
  Liabilities:Bar:Members:Bart      1 COKE

2016-12-01 balance Liabilities:Bar:Members:Bert                    -24.70 EUR
  iline: "374"

2016-12-01 txn "Bert deposited EUR 10.00 and has now EUR 34.70"
  Liabilities:Bar:Members:Bert  -10.00 EUR
  Assets:Cash:Bar                10.00 EUR

2016-12-01 balance Liabilities:Bar:Members:Joris                   0.50 EUR
  iline: "375"

2016-12-01 txn "joris bought 2 products (-2.00) and has EUR -2.50 left"
  Liabilities:Bar:Members:Joris   2.00 EUR 
  Income:Bar                     -2.00 EUR 
  Assets:Inventory:Bar              -1 COKE
  Liabilities:Bar:Members:Joris      1 COKE
  Assets:Inventory:Bar              -1 TWIX
  Liabilities:Bar:Members:Joris      1 TWIX

2016-12-01 balance Liabilities:Bar:Members:Bloemist                71.60 EUR
  iline: "378"

2016-12-01 txn "Bloemist deposited EUR 55.00 and has now EUR -16.60"
  Liabilities:Bar:Members:Bloemist  -55.00 EUR
  Assets:Cash:Bar                    55.00 EUR

2016-12-01 txn "bart bought 1 product (-1.50) and has EUR 7.10 left"
  Liabilities:Bar:Members:Bart   1.50 EUR    
  Income:Bar                    -1.50 EUR    
  Assets:Inventory:Bar             -1 JUPILER
  Liabilities:Bar:Members:Bart      1 JUPILER

2016-12-01 txn "Bert bought 2 products (-3.50) and has EUR 31.20 left"
  Liabilities:Bar:Members:Bert   3.50 EUR   
  Income:Bar                    -3.50 EUR   
  Assets:Inventory:Bar             -1 ICETEA
  Liabilities:Bar:Members:Bert      1 ICETEA
  Assets:Inventory:Bar             -1 CM    
  Liabilities:Bar:Members:Bert      1 CM    

2016-12-01 txn "ruben bought 1 product (-2.00) and has EUR 4.00 left"
  Liabilities:Bar:Members:Ruben   2.00 EUR
  Income:Bar                     -2.00 EUR
  Assets:Inventory:Bar              -1 CM 
  Liabilities:Bar:Members:Ruben      1 CM 

2016-12-01 balance Liabilities:Bar:Members:Merlijn                 -15.25 EUR
  iline: "383"

2016-12-01 txn "Merlijn bought 2 products (-3.00) and has EUR 12.25 left"
  Liabilities:Bar:Members:Merlijn   3.00 EUR   
  Income:Bar                       -3.00 EUR   
  Assets:Inventory:Bar                -2 ICETEA
  Liabilities:Bar:Members:Merlijn      2 ICETEA

2016-12-01 balance Liabilities:Bar:Members:Koen                    -7.20 EUR
  iline: "384"

2016-12-01 txn "Koen bought 1 product (-1.50) and has EUR 5.70 left"
  Liabilities:Bar:Members:Koen   1.50 EUR    
  Income:Bar                    -1.50 EUR    
  Assets:Inventory:Bar             -1 JUPILER
  Liabilities:Bar:Members:Koen      1 JUPILER

2016-12-01 txn "joris deposited EUR 20.00 and has now EUR 17.50"
  Liabilities:Bar:Members:Joris  -20.00 EUR
  Assets:Cash:Bar                 20.00 EUR

2016-12-01 txn "joris bought 2 products (-2.50) and has EUR 15.00 left"
  Liabilities:Bar:Members:Joris   2.50 EUR  
  Income:Bar                     -2.50 EUR  
  Assets:Inventory:Bar              -1 CHIP 
  Liabilities:Bar:Members:Joris      1 CHIP 
  Assets:Inventory:Bar              -1 DUVEL
  Liabilities:Bar:Members:Joris      1 DUVEL

2016-12-01 balance Liabilities:Bar:Members:Elvis                   -2.00 EUR
  iline: "387"

2016-12-01 txn "elvis bought 1 product (-1.50) and has EUR 0.50 left"
  Liabilities:Bar:Members:Elvis   1.50 EUR  
  Income:Bar                     -1.50 EUR  
  Assets:Inventory:Bar              -1 FANTA
  Liabilities:Bar:Members:Elvis      1 FANTA

2016-12-01 txn "bart bought 1 product (-1.50) and has EUR 5.60 left"
  Liabilities:Bar:Members:Bart   1.50 EUR    
  Income:Bar                    -1.50 EUR    
  Assets:Inventory:Bar             -1 JUPILER
  Liabilities:Bar:Members:Bart      1 JUPILER

2016-12-01 balance Liabilities:Bar:Members:Thijs                   11.85 EUR
  iline: "391"

2016-12-01 txn "thijs bought 2 products (-2.00) and has EUR -13.85 left"
  Liabilities:Bar:Members:Thijs   2.00 EUR      
  Income:Bar                     -2.00 EUR      
  Assets:Inventory:Bar              -1 COKE_ZERO
  Liabilities:Bar:Members:Thijs      1 COKE_ZERO
  Assets:Inventory:Bar              -1 KITKAT   
  Liabilities:Bar:Members:Thijs      1 KITKAT   

2016-12-01 txn "elvis deposited EUR 3.00 and has now EUR 3.50"
  Liabilities:Bar:Members:Elvis  -3.00 EUR
  Assets:Cash:Bar                 3.00 EUR

2016-12-01 txn "elvis bought 1 product (-0.50) and has EUR 3.00 left"
  Liabilities:Bar:Members:Elvis   0.50 EUR 
  Income:Bar                     -0.50 EUR 
  Assets:Inventory:Bar              -1 MARS
  Liabilities:Bar:Members:Elvis      1 MARS

2016-12-01 txn "elvis bought 1 product (-1.50) and has EUR 1.50 left"
  Liabilities:Bar:Members:Elvis   1.50 EUR  
  Income:Bar                     -1.50 EUR  
  Assets:Inventory:Bar              -1 FANTA
  Liabilities:Bar:Members:Elvis      1 FANTA

2016-12-02 balance Liabilities:Bar:Members:Elvis                   -1.50 EUR
  iline: "395"

2016-12-02 txn "elvis bought 1 product (-0.50) and has EUR 1.00 left"
  Liabilities:Bar:Members:Elvis   0.50 EUR   
  Income:Bar                     -0.50 EUR   
  Assets:Inventory:Bar              -1 KITKAT
  Liabilities:Bar:Members:Elvis      1 KITKAT

2016-12-02 balance Liabilities:Bar:Members:Koen                    -5.70 EUR
  iline: "397"

2016-12-02 txn "Koen bought 1 product (-1.50) and has EUR 4.20 left"
  Liabilities:Bar:Members:Koen   1.50 EUR    
  Income:Bar                    -1.50 EUR    
  Assets:Inventory:Bar             -1 JUPILER
  Liabilities:Bar:Members:Koen      1 JUPILER

2016-12-02 balance Liabilities:Bar:Members:Thijs                   13.85 EUR
  iline: "398"

2016-12-02 txn "thijs deposited EUR 17.00 and has now EUR 3.15"
  Liabilities:Bar:Members:Thijs  -17.00 EUR
  Assets:Cash:Bar                 17.00 EUR

2016-12-02 txn "thijs bought 1 product (-1.50) and has EUR 1.65 left"
  Liabilities:Bar:Members:Thijs   1.50 EUR 
  Income:Bar                     -1.50 EUR 
  Assets:Inventory:Bar              -1 COKE
  Liabilities:Bar:Members:Thijs      1 COKE

2016-12-02 txn "elvis bought 1 product (-0.50) and has EUR 0.50 left"
  Liabilities:Bar:Members:Elvis   0.50 EUR     
  Income:Bar                     -0.50 EUR     
  Assets:Inventory:Bar              -1 SNICKERS
  Liabilities:Bar:Members:Elvis      1 SNICKERS

2016-12-03 balance Liabilities:Bar:Members:Koen                    -4.20 EUR
  iline: "402"

2016-12-03 txn "Koen bought 2 products (-1.00) and has EUR 3.20 left"
  Liabilities:Bar:Members:Koen   1.00 EUR   
  Income:Bar                    -1.00 EUR   
  Assets:Inventory:Bar             -2 KITKAT
  Liabilities:Bar:Members:Koen      2 KITKAT

2016-12-03 balance Liabilities:Bar:Members:Bart                    -5.60 EUR
  iline: "405"

2016-12-03 txn "bart bought 1 product (-0.50) and has EUR 5.10 left"
  Liabilities:Bar:Members:Bart   0.50 EUR 
  Income:Bar                    -0.50 EUR 
  Assets:Inventory:Bar             -1 CHIP
  Liabilities:Bar:Members:Bart      1 CHIP

2016-12-03 txn "Koen bought 1 product (-0.50) and has EUR 2.70 left"
  Liabilities:Bar:Members:Koen   0.50 EUR 
  Income:Bar                    -0.50 EUR 
  Assets:Inventory:Bar             -1 CHIP
  Liabilities:Bar:Members:Koen      1 CHIP

2016-12-03 txn "bart bought 1 product (-0.50) and has EUR 4.60 left"
  Liabilities:Bar:Members:Bart   0.50 EUR 
  Income:Bar                    -0.50 EUR 
  Assets:Inventory:Bar             -1 CHIP
  Liabilities:Bar:Members:Bart      1 CHIP

2016-12-03 txn "bart bought 1 product (-1.50) and has EUR 3.10 left"
  Liabilities:Bar:Members:Bart   1.50 EUR  
  Income:Bar                    -1.50 EUR  
  Assets:Inventory:Bar             -1 FANTA
  Liabilities:Bar:Members:Bart      1 FANTA

2016-12-03 txn "Koen bought 1 product (-1.50) and has EUR 1.20 left"
  Liabilities:Bar:Members:Koen   1.50 EUR    
  Income:Bar                    -1.50 EUR    
  Assets:Inventory:Bar             -1 JUPILER
  Liabilities:Bar:Members:Koen      1 JUPILER

2016-12-03 txn "Koen bought 1 product (-1.50) and has EUR -0.30 left"
  Liabilities:Bar:Members:Koen   1.50 EUR    
  Income:Bar                    -1.50 EUR    
  Assets:Inventory:Bar             -1 JUPILER
  Liabilities:Bar:Members:Koen      1 JUPILER

2016-12-04 balance Liabilities:Bar:Members:Koen                    0.30 EUR
  iline: "413"

2016-12-04 txn "Koen bought 2 products (-2.00) and has EUR -2.30 left"
  Liabilities:Bar:Members:Koen   2.00 EUR  
  Income:Bar                    -2.00 EUR  
  Assets:Inventory:Bar             -1 FANTA
  Liabilities:Bar:Members:Koen      1 FANTA
  Assets:Inventory:Bar             -1 CHIP 
  Liabilities:Bar:Members:Koen      1 CHIP 

2016-12-04 balance Liabilities:Bar:Members:Sasja                   -1.60 EUR
  iline: "414"

2016-12-04 txn "sasja bought 1 product (-2.00) and has EUR -0.40 left"
  Liabilities:Bar:Members:Sasja   2.00 EUR
  Income:Bar                     -2.00 EUR
  Assets:Inventory:Bar              -1 CM 
  Liabilities:Bar:Members:Sasja      1 CM 

2016-12-04 txn "sasja bought 1 product (-1.50) and has EUR -1.90 left"
  Liabilities:Bar:Members:Sasja   1.50 EUR    
  Income:Bar                     -1.50 EUR    
  Assets:Inventory:Bar              -1 JUPILER
  Liabilities:Bar:Members:Sasja      1 JUPILER

2016-12-04 balance Liabilities:Bar:Members:Joris                   -15.00 EUR
  iline: "416"

2016-12-04 txn "joris bought 1 product (-1.50) and has EUR 13.50 left"
  Liabilities:Bar:Members:Joris   1.50 EUR      
  Income:Bar                     -1.50 EUR      
  Assets:Inventory:Bar              -1 COKE_ZERO
  Liabilities:Bar:Members:Joris      1 COKE_ZERO

2016-12-04 txn "sasja bought 1 product (-1.50) and has EUR -3.40 left"
  Liabilities:Bar:Members:Sasja   1.50 EUR    
  Income:Bar                     -1.50 EUR    
  Assets:Inventory:Bar              -1 JUPILER
  Liabilities:Bar:Members:Sasja      1 JUPILER

2016-12-04 txn "joris bought 1 product (-1.50) and has EUR 12.00 left"
  Liabilities:Bar:Members:Joris   1.50 EUR    
  Income:Bar                     -1.50 EUR    
  Assets:Inventory:Bar              -1 JUPILER
  Liabilities:Bar:Members:Joris      1 JUPILER

2016-12-04 balance Liabilities:Bar:Members:Bloemist                16.60 EUR
  iline: "421"

2016-12-04 txn "Bloemist bought 1 product (-0.50) and has EUR -17.10 left"
  Liabilities:Bar:Members:Bloemist   0.50 EUR 
  Income:Bar                        -0.50 EUR 
  Assets:Inventory:Bar                 -1 CHIP
  Liabilities:Bar:Members:Bloemist      1 CHIP

2016-12-04 balance Liabilities:Bar:Members:Superpumpie             2.50 EUR
  iline: "422"

2016-12-04 txn "Tom bought 2 products (-3.00) and has EUR -5.50 left"
  Liabilities:Bar:Members:Superpumpie   3.00 EUR    
  Income:Bar                           -3.00 EUR    
  Assets:Inventory:Bar                    -2 JUPILER
  Liabilities:Bar:Members:Superpumpie      2 JUPILER

2016-12-04 txn "Bloemist bought 1 product (-1.50) and has EUR -18.60 left"
  Liabilities:Bar:Members:Bloemist   1.50 EUR  
  Income:Bar                        -1.50 EUR  
  Assets:Inventory:Bar                 -1 FANTA
  Liabilities:Bar:Members:Bloemist      1 FANTA

2016-12-04 txn "sasja deposited EUR 20.00 and has now EUR 16.60"
  Liabilities:Bar:Members:Sasja  -20.00 EUR
  Assets:Cash:Bar                 20.00 EUR

2016-12-04 txn "Bloemist bought 1 product (-0.50) and has EUR -19.10 left"
  Liabilities:Bar:Members:Bloemist   0.50 EUR 
  Income:Bar                        -0.50 EUR 
  Assets:Inventory:Bar                 -1 CHIP
  Liabilities:Bar:Members:Bloemist      1 CHIP

2016-12-04 txn "Bloemist bought 1 product (-0.50) and has EUR -19.60 left"
  Liabilities:Bar:Members:Bloemist   0.50 EUR 
  Income:Bar                        -0.50 EUR 
  Assets:Inventory:Bar                 -1 CHIP
  Liabilities:Bar:Members:Bloemist      1 CHIP

2016-12-04 txn "Bloemist bought 1 product (-0.50) and has EUR -20.10 left"
  Liabilities:Bar:Members:Bloemist   0.50 EUR 
  Income:Bar                        -0.50 EUR 
  Assets:Inventory:Bar                 -1 TWIX
  Liabilities:Bar:Members:Bloemist      1 TWIX

2016-12-07 balance Liabilities:Bar:Members:Superpumpie             5.50 EUR
  iline: "467"

2016-12-07 txn "Tom bought 1 product (-0.50) and has EUR -6.00 left"
  Liabilities:Bar:Members:Superpumpie   0.50 EUR     
  Income:Bar                           -0.50 EUR     
  Assets:Inventory:Bar                    -1 SNICKERS
  Liabilities:Bar:Members:Superpumpie      1 SNICKERS

2016-12-08 balance Liabilities:Bar:Members:Ewaut                   -3.00 EUR
  iline: "469"

2016-12-08 txn "ewaut bought 1 product (-2.00) and has EUR 1.00 left"
  Liabilities:Bar:Members:Ewaut   2.00 EUR
  Income:Bar                     -2.00 EUR
  Assets:Inventory:Bar              -1 CM 
  Liabilities:Bar:Members:Ewaut      1 CM 

2016-12-08 balance Liabilities:Bar:Members:Thijs                   -1.65 EUR
  iline: "470"

2016-12-08 txn "thijs bought 1 product (-2.00) and has EUR -0.35 left"
  Liabilities:Bar:Members:Thijs   2.00 EUR
  Income:Bar                     -2.00 EUR
  Assets:Inventory:Bar              -1 CM 
  Liabilities:Bar:Members:Thijs      1 CM 

2016-12-08 balance Liabilities:Bar:Members:Joris                   -12.00 EUR
  iline: "471"

2016-12-08 txn "joris bought 2 products (-2.00) and has EUR 10.00 left"
  Liabilities:Bar:Members:Joris   2.00 EUR      
  Income:Bar                     -2.00 EUR      
  Assets:Inventory:Bar              -1 COKE_ZERO
  Liabilities:Bar:Members:Joris      1 COKE_ZERO
  Assets:Inventory:Bar              -1 CHIP     
  Liabilities:Bar:Members:Joris      1 CHIP     

2016-12-08 balance Liabilities:Bar:Members:Elvis                   -0.50 EUR
  iline: "472"

2016-12-08 txn "elvis bought 1 product (-1.50) and has EUR -1.00 left"
  Liabilities:Bar:Members:Elvis   1.50 EUR  
  Income:Bar                     -1.50 EUR  
  Assets:Inventory:Bar              -1 FANTA
  Liabilities:Bar:Members:Elvis      1 FANTA

2016-12-08 txn "elvis deposited EUR 4.50 and has now EUR 3.50"
  Liabilities:Bar:Members:Elvis  -4.50 EUR
  Assets:Cash:Bar                 4.50 EUR

2016-12-08 balance Liabilities:Bar:Members:Sasja                   -16.60 EUR
  iline: "474"
2016-12-08 balance Liabilities:Bar:Members:Bloemist                20.10 EUR
  iline: "474"

2016-12-08 txn "sasja bought 1 product (-7.00) and has EUR 9.60 left"
  Liabilities:Bar:Members:Bloemist  -5.00 EUR    
  Liabilities:Bar:Members:Sasja      7.00 EUR    
  Income:Bar                        -2.00 EUR    
  Assets:Inventory:Bar                 -1 JOYLENT
  Liabilities:Bar:Members:Sasja         1 JOYLENT

2016-12-08 txn "ewaut deposited EUR 15.00 and has now EUR 16.00"
  Liabilities:Bar:Members:Ewaut  -15.00 EUR
  Assets:Cash:Bar                 15.00 EUR

2016-12-08 txn "ewaut bought 1 product (-7.00) and has EUR 9.00 left"
  Liabilities:Bar:Members:Bloemist  -5.00 EUR    
  Liabilities:Bar:Members:Ewaut      7.00 EUR    
  Income:Bar                        -2.00 EUR    
  Assets:Inventory:Bar                 -1 JOYLENT
  Liabilities:Bar:Members:Ewaut         1 JOYLENT

2016-12-08 balance Liabilities:Bar:Members:Enzian                  -41.50 EUR
  iline: "479"

2016-12-08 txn "gillesj bought 1 product (-2.00) and has EUR 39.50 left"
  Liabilities:Bar:Members:Enzian   2.00 EUR
  Income:Bar                      -2.00 EUR
  Assets:Inventory:Bar               -1 CM 
  Liabilities:Bar:Members:Enzian      1 CM 

2016-12-08 balance Liabilities:Bar:Members:Bart                    -3.10 EUR
  iline: "480"

2016-12-08 txn "bart bought 2 products (-3.00) and has EUR 0.10 left"
  Liabilities:Bar:Members:Bart   3.00 EUR    
  Income:Bar                    -3.00 EUR    
  Assets:Inventory:Bar             -1 ICETEA 
  Liabilities:Bar:Members:Bart      1 ICETEA 
  Assets:Inventory:Bar             -1 JUPILER
  Liabilities:Bar:Members:Bart      1 JUPILER

2016-12-08 txn "bart deposited EUR 1.50 and has now EUR 1.60"
  Liabilities:Bar:Members:Bart  -1.50 EUR
  Assets:Cash:Bar                1.50 EUR

2016-12-08 txn "Bloemist bought 1 product (-2.00) and has EUR -12.10 left"
  Liabilities:Bar:Members:Bloemist   2.00 EUR
  Income:Bar                        -2.00 EUR
  Assets:Inventory:Bar                 -1 CM 
  Liabilities:Bar:Members:Bloemist      1 CM 

2016-12-08 txn "gillesj bought 1 product (-3.00) and has EUR 36.50 left"
  Liabilities:Bar:Members:Bart    -1.63 EUR 
  Liabilities:Bar:Members:Enzian   3.00 EUR 
  Income:Bar                      -1.37 EUR 
  Assets:Inventory:Bar               -1 ORVL
  Liabilities:Bar:Members:Enzian      1 ORVL

2016-12-08 txn "Bloemist bought 1 product (-0.50) and has EUR -12.60 left"
  Liabilities:Bar:Members:Bloemist   0.50 EUR 
  Income:Bar                        -0.50 EUR 
  Assets:Inventory:Bar                 -1 CHIP
  Liabilities:Bar:Members:Bloemist      1 CHIP

2016-12-08 txn "sasja bought 1 product (-0.50) and has EUR 9.10 left"
  Liabilities:Bar:Members:Sasja   0.50 EUR 
  Income:Bar                     -0.50 EUR 
  Assets:Inventory:Bar              -1 CHIP
  Liabilities:Bar:Members:Sasja      1 CHIP

2016-12-08 txn "joris bought 1 product (-1.50) and has EUR 8.50 left"
  Liabilities:Bar:Members:Joris   1.50 EUR    
  Income:Bar                     -1.50 EUR    
  Assets:Inventory:Bar              -1 JUPILER
  Liabilities:Bar:Members:Joris      1 JUPILER

2016-12-08 txn "sasja bought 1 product (-1.50) and has EUR 7.60 left"
  Liabilities:Bar:Members:Sasja   1.50 EUR    
  Income:Bar                     -1.50 EUR    
  Assets:Inventory:Bar              -1 JUPILER
  Liabilities:Bar:Members:Sasja      1 JUPILER

2016-12-08 txn "Bloemist bought 1 product (-0.50) and has EUR -13.10 left"
  Liabilities:Bar:Members:Bloemist   0.50 EUR 
  Income:Bar                        -0.50 EUR 
  Assets:Inventory:Bar                 -1 CHIP
  Liabilities:Bar:Members:Bloemist      1 CHIP

2016-12-08 txn "gillesj bought 1 product (-3.00) and has EUR 33.50 left"
  Liabilities:Bar:Members:Bart    -1.63 EUR 
  Liabilities:Bar:Members:Enzian   3.00 EUR 
  Income:Bar                      -1.37 EUR 
  Assets:Inventory:Bar               -1 ORVL
  Liabilities:Bar:Members:Enzian      1 ORVL

2016-12-08 txn "Bloemist bought 1 product (-0.50) and has EUR -13.60 left"
  Liabilities:Bar:Members:Bloemist   0.50 EUR 
  Income:Bar                        -0.50 EUR 
  Assets:Inventory:Bar                 -1 TWIX
  Liabilities:Bar:Members:Bloemist      1 TWIX

2016-12-08 balance Liabilities:Bar:Members:Bert                    -31.20 EUR
  iline: "493"

2016-12-08 txn "Bert bought 2 products (-2.00) and has EUR 29.20 left"
  Liabilities:Bar:Members:Bert   2.00 EUR    
  Income:Bar                    -2.00 EUR    
  Assets:Inventory:Bar             -1 JUPILER
  Liabilities:Bar:Members:Bert      1 JUPILER
  Assets:Inventory:Bar             -1 KITKAT 
  Liabilities:Bar:Members:Bert      1 KITKAT 

2016-12-08 txn "gillesj bought 1 product (-3.00) and has EUR 30.50 left"
  Liabilities:Bar:Members:Bart    -1.63 EUR 
  Liabilities:Bar:Members:Enzian   3.00 EUR 
  Income:Bar                      -1.37 EUR 
  Assets:Inventory:Bar               -1 ORVL
  Liabilities:Bar:Members:Enzian      1 ORVL

2016-12-08 balance Liabilities:Bar:Members:Koen                    2.30 EUR
  iline: "495"

2016-12-08 txn "Koen bought 1 product (-1.50) and has EUR -3.80 left"
  Liabilities:Bar:Members:Koen   1.50 EUR    
  Income:Bar                    -1.50 EUR    
  Assets:Inventory:Bar             -1 JUPILER
  Liabilities:Bar:Members:Koen      1 JUPILER

2016-12-08 txn "Bloemist bought 1 product (-0.50) and has EUR -14.10 left"
  Liabilities:Bar:Members:Bloemist   0.50 EUR 
  Income:Bar                        -0.50 EUR 
  Assets:Inventory:Bar                 -1 CHIP
  Liabilities:Bar:Members:Bloemist      1 CHIP

2016-12-08 txn "Bloemist bought 1 product (-2.00) and has EUR -16.10 left"
  Liabilities:Bar:Members:Bloemist   2.00 EUR
  Income:Bar                        -2.00 EUR
  Assets:Inventory:Bar                 -1 CM 
  Liabilities:Bar:Members:Bloemist      1 CM 

2016-12-08 txn "Bert bought 1 product (-1.50) and has EUR 27.70 left"
  Liabilities:Bar:Members:Bert   1.50 EUR   
  Income:Bar                    -1.50 EUR   
  Assets:Inventory:Bar             -1 ICETEA
  Liabilities:Bar:Members:Bert      1 ICETEA

2016-12-08 txn "elvis bought 1 product (-1.50) and has EUR 2.00 left"
  Liabilities:Bar:Members:Elvis   1.50 EUR 
  Income:Bar                     -1.50 EUR 
  Assets:Inventory:Bar              -1 COKE
  Liabilities:Bar:Members:Elvis      1 COKE

2016-12-08 txn "gillesj bought 1 product (-1.50) and has EUR 29.00 left"
  Liabilities:Bar:Members:Enzian   1.50 EUR  
  Income:Bar                      -1.50 EUR  
  Assets:Inventory:Bar               -1 FANTA
  Liabilities:Bar:Members:Enzian      1 FANTA

2016-12-08 txn "thijs bought 1 product (-0.50) and has EUR -0.85 left"
  Liabilities:Bar:Members:Thijs   0.50 EUR     
  Income:Bar                     -0.50 EUR     
  Assets:Inventory:Bar              -1 SNICKERS
  Liabilities:Bar:Members:Thijs      1 SNICKERS

2016-12-08 txn "bart bought 2 products (-3.00) and has EUR 3.49 left"
  Liabilities:Bar:Members:Bart   3.00 EUR      
  Income:Bar                    -3.00 EUR      
  Assets:Inventory:Bar             -1 COKE_ZERO
  Liabilities:Bar:Members:Bart      1 COKE_ZERO
  Assets:Inventory:Bar             -1 JUPILER  
  Liabilities:Bar:Members:Bart      1 JUPILER  

2016-12-09 balance Liabilities:Bar:Members:Koen                    3.80 EUR
  iline: "504"

2016-12-09 txn "Koen deposited EUR 5.00 and has now EUR 1.20"
  Liabilities:Bar:Members:Koen  -5.00 EUR
  Assets:Cash:Bar                5.00 EUR

2016-12-09 txn "Koen bought 1 product (-1.50) and has EUR -0.30 left"
  Liabilities:Bar:Members:Koen   1.50 EUR    
  Income:Bar                    -1.50 EUR    
  Assets:Inventory:Bar             -1 JUPILER
  Liabilities:Bar:Members:Koen      1 JUPILER

2016-12-11 balance Liabilities:Bar:Members:Koen                    0.30 EUR
  iline: "506"

2016-12-11 txn "Koen bought 1 product (-1.50) and has EUR -1.80 left"
  Liabilities:Bar:Members:Koen   1.50 EUR   
  Income:Bar                    -1.50 EUR   
  Assets:Inventory:Bar             -1 ICETEA
  Liabilities:Bar:Members:Koen      1 ICETEA

2016-12-15 balance Liabilities:Bar:Members:Bart                    -3.49 EUR
  iline: "507"

2016-12-15 txn "bart bought 1 product (-1.50) and has EUR 1.99 left"
  Liabilities:Bar:Members:Bart   1.50 EUR  
  Income:Bar                    -1.50 EUR  
  Assets:Inventory:Bar             -1 FANTA
  Liabilities:Bar:Members:Bart      1 FANTA

2016-12-15 balance Liabilities:Bar:Members:Enzian                  -29.00 EUR
  iline: "508"

2016-12-15 txn "gillesj bought 1 product (-1.50) and has EUR 27.50 left"
  Liabilities:Bar:Members:Enzian   1.50 EUR  
  Income:Bar                      -1.50 EUR  
  Assets:Inventory:Bar               -1 FANTA
  Liabilities:Bar:Members:Enzian      1 FANTA

2016-12-15 txn "gillesj deposited EUR 1.50 and has now EUR 29.00"
  Liabilities:Bar:Members:Enzian  -1.50 EUR
  Assets:Cash:Bar                  1.50 EUR

2016-12-15 txn "gillesj bought 1 product (-2.00) and has EUR 27.00 left"
  Liabilities:Bar:Members:Enzian   2.00 EUR
  Income:Bar                      -2.00 EUR
  Assets:Inventory:Bar               -1 CM 
  Liabilities:Bar:Members:Enzian      1 CM 

2016-12-15 balance Liabilities:Bar:Members:Ewaut                   -9.00 EUR
  iline: "512"

2016-12-15 txn "ewaut bought 2 products (-2.00) and has EUR 7.00 left"
  Liabilities:Bar:Members:Ewaut   2.00 EUR   
  Income:Bar                     -2.00 EUR   
  Assets:Inventory:Bar              -1 ICETEA
  Liabilities:Bar:Members:Ewaut      1 ICETEA
  Assets:Inventory:Bar              -1 CHIP  
  Liabilities:Bar:Members:Ewaut      1 CHIP  

2016-12-15 balance Liabilities:Bar:Members:Bloemist                16.10 EUR
  iline: "513"

2016-12-15 txn "Bloemist bought 2 products (-2.50) and has EUR -18.60 left"
  Liabilities:Bar:Members:Bloemist   2.50 EUR 
  Income:Bar                        -2.50 EUR 
  Assets:Inventory:Bar                 -1 CM  
  Liabilities:Bar:Members:Bloemist      1 CM  
  Assets:Inventory:Bar                 -1 CHIP
  Liabilities:Bar:Members:Bloemist      1 CHIP

2016-12-15 txn "gillesj bought 1 product (-3.00) and has EUR 24.00 left"
  Liabilities:Bar:Members:Bart    -1.63 EUR 
  Liabilities:Bar:Members:Enzian   3.00 EUR 
  Income:Bar                      -1.37 EUR 
  Assets:Inventory:Bar               -1 ORVL
  Liabilities:Bar:Members:Enzian      1 ORVL

2016-12-15 balance Liabilities:Bar:Members:Joris                   -8.50 EUR
  iline: "546"

2016-12-15 txn "joris bought 2 products (-2.50) and has EUR 6.00 left"
  Liabilities:Bar:Members:Joris   2.50 EUR  
  Income:Bar                     -2.50 EUR  
  Assets:Inventory:Bar              -1 DUVEL
  Liabilities:Bar:Members:Joris      1 DUVEL
  Assets:Inventory:Bar              -1 CHIP 
  Liabilities:Bar:Members:Joris      1 CHIP 

2016-12-15 txn "Bloemist bought 1 product (-0.50) and has EUR -19.10 left"
  Liabilities:Bar:Members:Bloemist   0.50 EUR 
  Income:Bar                        -0.50 EUR 
  Assets:Inventory:Bar                 -1 TWIX
  Liabilities:Bar:Members:Bloemist      1 TWIX

2016-12-15 balance Liabilities:Bar:Members:Bert                    -27.70 EUR
  iline: "548"

2016-12-15 txn "Bert bought 2 products (-3.50) and has EUR 24.20 left"
  Liabilities:Bar:Members:Bert   3.50 EUR 
  Income:Bar                    -3.50 EUR 
  Assets:Inventory:Bar             -1 ORVL
  Liabilities:Bar:Members:Bert      1 ORVL
  Assets:Inventory:Bar             -1 CHIP
  Liabilities:Bar:Members:Bert      1 CHIP

2016-12-15 txn "joris bought 1 product (-0.50) and has EUR 5.50 left"
  Liabilities:Bar:Members:Joris   0.50 EUR     
  Income:Bar                     -0.50 EUR     
  Assets:Inventory:Bar              -1 SNICKERS
  Liabilities:Bar:Members:Joris      1 SNICKERS

2016-12-15 balance Liabilities:Bar:Members:Koen                    1.80 EUR
  iline: "552"

2016-12-15 txn "Koen bought 1 product (-1.50) and has EUR -3.30 left"
  Liabilities:Bar:Members:Koen   1.50 EUR   
  Income:Bar                    -1.50 EUR   
  Assets:Inventory:Bar             -1 ICETEA
  Liabilities:Bar:Members:Koen      1 ICETEA

2016-12-15 txn "gillesj bought 1 product (-3.00) and has EUR 21.00 left"
  Liabilities:Bar:Members:Bart    -1.63 EUR 
  Liabilities:Bar:Members:Enzian   3.00 EUR 
  Income:Bar                      -1.37 EUR 
  Assets:Inventory:Bar               -1 ORVL
  Liabilities:Bar:Members:Enzian      1 ORVL

2016-12-15 txn "Bert deposited EUR 1.00 and has now EUR 25.20"
  Liabilities:Bar:Members:Bert  -1.00 EUR
  Assets:Cash:Bar                1.00 EUR

2016-12-15 txn "gillesj deposited EUR 1.00 and has now EUR 22.00"
  Liabilities:Bar:Members:Enzian  -1.00 EUR
  Assets:Cash:Bar                  1.00 EUR

2016-12-15 balance Liabilities:Bar:Members:Elvis                   -2.00 EUR
  iline: "557"

2016-12-15 txn "elvis bought 1 product (-1.50) and has EUR 0.50 left"
  Liabilities:Bar:Members:Elvis   1.50 EUR  
  Income:Bar                     -1.50 EUR  
  Assets:Inventory:Bar              -1 FANTA
  Liabilities:Bar:Members:Elvis      1 FANTA

2016-12-15 txn "gillesj bought 1 product (-1.50) and has EUR 20.50 left"
  Liabilities:Bar:Members:Enzian   1.50 EUR    
  Income:Bar                      -1.50 EUR    
  Assets:Inventory:Bar               -1 JUPILER
  Liabilities:Bar:Members:Enzian      1 JUPILER

2016-12-15 txn "gillesj deposited EUR 0.50 and has now EUR 21.00"
  Liabilities:Bar:Members:Enzian  -0.50 EUR
  Assets:Cash:Bar                  0.50 EUR

2016-12-15 txn "gillesj deposited EUR 1.00 and has now EUR 22.00"
  Liabilities:Bar:Members:Enzian  -1.00 EUR
  Assets:Cash:Bar                  1.00 EUR

2016-12-15 txn "gillesj bought 1 product (-2.00) and has EUR 20.00 left"
  Liabilities:Bar:Members:Enzian   2.00 EUR  
  Income:Bar                      -2.00 EUR  
  Assets:Inventory:Bar               -1 DUVEL
  Liabilities:Bar:Members:Enzian      1 DUVEL

2016-12-15 txn "Bert bought 1 product (-2.00) and has EUR 23.20 left"
  Liabilities:Bar:Members:Bert   2.00 EUR  
  Income:Bar                    -2.00 EUR  
  Assets:Inventory:Bar             -1 DUVEL
  Liabilities:Bar:Members:Bert      1 DUVEL

2016-12-15 txn "ewaut bought 1 product (-1.50) and has EUR 5.50 left"
  Liabilities:Bar:Members:Ewaut   1.50 EUR  
  Income:Bar                     -1.50 EUR  
  Assets:Inventory:Bar              -1 FANTA
  Liabilities:Bar:Members:Ewaut      1 FANTA

2016-12-15 balance Liabilities:Bar:Members:Ruben                   -4.00 EUR
  iline: "565"

2016-12-15 txn "ruben bought 1 product (-0.50) and has EUR 3.50 left"
  Liabilities:Bar:Members:Ruben   0.50 EUR 
  Income:Bar                     -0.50 EUR 
  Assets:Inventory:Bar              -1 CHIP
  Liabilities:Bar:Members:Ruben      1 CHIP

2016-12-15 txn "ruben bought 1 product (-2.00) and has EUR 1.50 left"
  Liabilities:Bar:Members:Ruben   2.00 EUR
  Income:Bar                     -2.00 EUR
  Assets:Inventory:Bar              -1 CM 
  Liabilities:Bar:Members:Ruben      1 CM 

2016-12-15 txn "elvis bought 1 product (-1.50) and has EUR -1.00 left"
  Liabilities:Bar:Members:Elvis   1.50 EUR 
  Income:Bar                     -1.50 EUR 
  Assets:Inventory:Bar              -1 COKE
  Liabilities:Bar:Members:Elvis      1 COKE

2016-12-15 txn "elvis deposited EUR 2.00 and has now EUR 1.00"
  Liabilities:Bar:Members:Elvis  -2.00 EUR
  Assets:Cash:Bar                 2.00 EUR

2016-12-15 txn "mimor bought 1 product (-2.00) and has EUR 16.00 left"
  Liabilities:Bar:Members:Mimor   2.00 EUR
  Income:Bar                     -2.00 EUR
  Assets:Inventory:Bar              -1 CM 
  Liabilities:Bar:Members:Mimor      1 CM 

2016-12-15 txn "elvis deposited EUR 5.00 and has now EUR 6.00"
  Liabilities:Bar:Members:Elvis  -5.00 EUR
  Assets:Cash:Bar                 5.00 EUR

2016-12-15 txn "Koen bought 2 products (-4.00) and has EUR -7.30 left"
  Liabilities:Bar:Members:Koen   4.00 EUR  
  Income:Bar                    -4.00 EUR  
  Assets:Inventory:Bar             -2 DUVEL
  Liabilities:Bar:Members:Koen      2 DUVEL

2016-12-15 txn "Koen deposited EUR 8.00 and has now EUR 0.70"
  Liabilities:Bar:Members:Koen  -8.00 EUR
  Assets:Cash:Bar                8.00 EUR

2016-12-16 balance Liabilities:Bar:Members:Elvis                   -6.00 EUR
  iline: "573"

2016-12-16 txn "elvis bought 1 product (-1.50) and has EUR 4.50 left"
  Liabilities:Bar:Members:Elvis   1.50 EUR  
  Income:Bar                     -1.50 EUR  
  Assets:Inventory:Bar              -1 FANTA
  Liabilities:Bar:Members:Elvis      1 FANTA

2016-12-16 txn "elvis bought 1 product (-2.00) and has EUR 2.50 left"
  Liabilities:Bar:Members:Elvis   2.00 EUR  
  Income:Bar                     -2.00 EUR  
  Assets:Inventory:Bar              -1 DUVEL
  Liabilities:Bar:Members:Elvis      1 DUVEL

2016-12-16 txn "elvis deposited EUR 1.50 and has now EUR 4.00"
  Liabilities:Bar:Members:Elvis  -1.50 EUR
  Assets:Cash:Bar                 1.50 EUR

2016-12-17 balance Liabilities:Bar:Members:Enzian                  -20.00 EUR
  iline: "576"

2016-12-17 txn "gillesj bought 1 product (-2.00) and has EUR 18.00 left"
  Liabilities:Bar:Members:Enzian   2.00 EUR
  Income:Bar                      -2.00 EUR
  Assets:Inventory:Bar               -1 CM 
  Liabilities:Bar:Members:Enzian      1 CM 

2016-12-17 balance Liabilities:Bar:Members:Koen                    -0.70 EUR
  iline: "577"

2016-12-17 txn "Koen bought 1 product (-1.50) and has EUR -0.80 left"
  Liabilities:Bar:Members:Koen   1.50 EUR    
  Income:Bar                    -1.50 EUR    
  Assets:Inventory:Bar             -1 JUPILER
  Liabilities:Bar:Members:Koen      1 JUPILER

2016-12-17 balance Liabilities:Bar:Members:Merlijn                 -12.25 EUR
  iline: "578"

2016-12-17 txn "Merlijn deposited EUR -14.00 and has now EUR -1.75"
  Liabilities:Bar:Members:Merlijn   14.00 EUR
  Assets:Cash:Bar                  -14.00 EUR

2016-12-17 balance Liabilities:Bar:Members:Bloemist                19.10 EUR
  iline: "579"

2016-12-17 txn "Bloemist deposited EUR 14.00 and has now EUR -5.10"
  Liabilities:Bar:Members:Bloemist  -14.00 EUR
  Assets:Cash:Bar                    14.00 EUR

2016-12-17 txn "Merlijn bought 2 products (-2.00) and has EUR -3.75 left"
  Liabilities:Bar:Members:Merlijn   2.00 EUR      
  Income:Bar                       -2.00 EUR      
  Assets:Inventory:Bar                -1 COKE_ZERO
  Liabilities:Bar:Members:Merlijn      1 COKE_ZERO
  Assets:Inventory:Bar                -1 SNICKERS 
  Liabilities:Bar:Members:Merlijn      1 SNICKERS 

2016-12-17 txn "gillesj bought 1 product (-2.00) and has EUR 16.00 left"
  Liabilities:Bar:Members:Enzian   2.00 EUR
  Income:Bar                      -2.00 EUR
  Assets:Inventory:Bar               -1 CM 
  Liabilities:Bar:Members:Enzian      1 CM 

2016-12-17 txn "gillesj bought 1 product (-1.50) and has EUR 14.50 left"
  Liabilities:Bar:Members:Enzian   1.50 EUR    
  Income:Bar                      -1.50 EUR    
  Assets:Inventory:Bar               -1 JUPILER
  Liabilities:Bar:Members:Enzian      1 JUPILER

2016-12-17 txn "Koen bought 1 product (-1.50) and has EUR -2.30 left"
  Liabilities:Bar:Members:Koen   1.50 EUR    
  Income:Bar                    -1.50 EUR    
  Assets:Inventory:Bar             -1 JUPILER
  Liabilities:Bar:Members:Koen      1 JUPILER

2016-12-17 balance Liabilities:Bar:Members:Els                     -25.20 EUR
  iline: "584"

2016-12-17 txn "els bought 1 product (-7.00) and has EUR 18.20 left"
  Liabilities:Bar:Members:Bloemist  -5.00 EUR    
  Liabilities:Bar:Members:Els        7.00 EUR    
  Income:Bar                        -2.00 EUR    
  Assets:Inventory:Bar                 -1 JOYLENT
  Liabilities:Bar:Members:Els           1 JOYLENT

2016-12-17 txn "els bought 1 product (-0.50) and has EUR 17.70 left"
  Liabilities:Bar:Members:Els   0.50 EUR   
  Income:Bar                   -0.50 EUR   
  Assets:Inventory:Bar            -1 KITKAT
  Liabilities:Bar:Members:Els      1 KITKAT

2016-12-17 txn "Merlijn bought 1 product (-1.50) and has EUR -5.25 left"
  Liabilities:Bar:Members:Merlijn   1.50 EUR   
  Income:Bar                       -1.50 EUR   
  Assets:Inventory:Bar                -1 ICETEA
  Liabilities:Bar:Members:Merlijn      1 ICETEA

2016-12-17 txn "els bought 2 products (-1.00) and has EUR 16.70 left"
  Liabilities:Bar:Members:Els   1.00 EUR 
  Income:Bar                   -1.00 EUR 
  Assets:Inventory:Bar            -2 CHIP
  Liabilities:Bar:Members:Els      2 CHIP

2016-12-17 balance Liabilities:Bar:Members:Sasja                   -7.60 EUR
  iline: "588"

2016-12-17 txn "sasja bought 2 products (-2.00) and has EUR 5.60 left"
  Liabilities:Bar:Members:Sasja   2.00 EUR    
  Income:Bar                     -2.00 EUR    
  Assets:Inventory:Bar              -1 CHIP   
  Liabilities:Bar:Members:Sasja      1 CHIP   
  Assets:Inventory:Bar              -1 JUPILER
  Liabilities:Bar:Members:Sasja      1 JUPILER

2016-12-17 txn "gillesj bought 1 product (-0.50) and has EUR 14.00 left"
  Liabilities:Bar:Members:Enzian   0.50 EUR 
  Income:Bar                      -0.50 EUR 
  Assets:Inventory:Bar               -1 CHIP
  Liabilities:Bar:Members:Enzian      1 CHIP

2016-12-17 txn "Merlijn bought 1 product (-0.50) and has EUR -5.75 left"
  Liabilities:Bar:Members:Merlijn   0.50 EUR 
  Income:Bar                       -0.50 EUR 
  Assets:Inventory:Bar                -1 CHIP
  Liabilities:Bar:Members:Merlijn      1 CHIP

2016-12-17 txn "Koen bought 1 product (-0.50) and has EUR -2.80 left"
  Liabilities:Bar:Members:Koen   0.50 EUR   
  Income:Bar                    -0.50 EUR   
  Assets:Inventory:Bar             -1 KITKAT
  Liabilities:Bar:Members:Koen      1 KITKAT

2016-12-17 txn "Koen bought 1 product (-0.50) and has EUR -3.30 left"
  Liabilities:Bar:Members:Koen   0.50 EUR   
  Income:Bar                    -0.50 EUR   
  Assets:Inventory:Bar             -1 KITKAT
  Liabilities:Bar:Members:Koen      1 KITKAT

2016-12-17 txn "Koen bought 1 product (-1.50) and has EUR -4.80 left"
  Liabilities:Bar:Members:Koen   1.50 EUR   
  Income:Bar                    -1.50 EUR   
  Assets:Inventory:Bar             -1 ICETEA
  Liabilities:Bar:Members:Koen      1 ICETEA

2016-12-18 balance Liabilities:Bar:Members:Koen                    4.80 EUR
  iline: "594"

2016-12-18 txn "Koen bought 2 products (-2.00) and has EUR -6.80 left"
  Liabilities:Bar:Members:Koen   2.00 EUR     
  Income:Bar                    -2.00 EUR     
  Assets:Inventory:Bar             -1 SNICKERS
  Liabilities:Bar:Members:Koen      1 SNICKERS
  Assets:Inventory:Bar             -1 ICETEA  
  Liabilities:Bar:Members:Koen      1 ICETEA  

2016-12-18 balance Liabilities:Bar:Members:Merlijn                 5.75 EUR
  iline: "595"

2016-12-18 txn "Merlijn bought 1 product (-1.50) and has EUR -7.25 left"
  Liabilities:Bar:Members:Merlijn   1.50 EUR   
  Income:Bar                       -1.50 EUR   
  Assets:Inventory:Bar                -1 ICETEA
  Liabilities:Bar:Members:Merlijn      1 ICETEA

2016-12-18 balance Liabilities:Bar:Members:Elvis                   -4.00 EUR
  iline: "597"

2016-12-18 txn "elvis bought 1 product (-2.00) and has EUR 2.00 left"
  Liabilities:Bar:Members:Elvis   2.00 EUR
  Income:Bar                     -2.00 EUR
  Assets:Inventory:Bar              -1 CM 
  Liabilities:Bar:Members:Elvis      1 CM 

2016-12-18 txn "Koen bought 1 product (-0.50) and has EUR -7.30 left"
  Liabilities:Bar:Members:Koen   0.50 EUR   
  Income:Bar                    -0.50 EUR   
  Assets:Inventory:Bar             -1 KITKAT
  Liabilities:Bar:Members:Koen      1 KITKAT

2016-12-18 txn "Koen bought 1 product (-1.50) and has EUR -8.80 left"
  Liabilities:Bar:Members:Koen   1.50 EUR    
  Income:Bar                    -1.50 EUR    
  Assets:Inventory:Bar             -1 JUPILER
  Liabilities:Bar:Members:Koen      1 JUPILER

2016-12-18 txn "Merlijn bought 1 product (-0.50) and has EUR -7.75 left"
  Liabilities:Bar:Members:Merlijn   0.50 EUR 
  Income:Bar                       -0.50 EUR 
  Assets:Inventory:Bar                -1 CHIP
  Liabilities:Bar:Members:Merlijn      1 CHIP

2016-12-18 balance Liabilities:Bar:Members:Bart                    -5.25 EUR
  iline: "601"

2016-12-18 txn "bart bought 1 product (-1.50) and has EUR 3.75 left"
  Liabilities:Bar:Members:Bart   1.50 EUR    
  Income:Bar                    -1.50 EUR    
  Assets:Inventory:Bar             -1 JUPILER
  Liabilities:Bar:Members:Bart      1 JUPILER

2016-12-18 txn "bart deposited EUR 20.00 and has now EUR 23.75"
  Liabilities:Bar:Members:Bart  -20.00 EUR
  Assets:Cash:Bar                20.00 EUR

2016-12-18 balance Liabilities:Bar:Members:Superpumpie             6.00 EUR
  iline: "603"

2016-12-18 txn "Tom bought 1 product (-0.50) and has EUR -6.50 left"
  Liabilities:Bar:Members:Superpumpie   0.50 EUR 
  Income:Bar                           -0.50 EUR 
  Assets:Inventory:Bar                    -1 MARS
  Liabilities:Bar:Members:Superpumpie      1 MARS

2016-12-18 balance Liabilities:Bar:Members:Sasja                   -5.60 EUR
  iline: "604"

2016-12-18 txn "sasja bought 1 product (-1.50) and has EUR 4.10 left"
  Liabilities:Bar:Members:Sasja   1.50 EUR    
  Income:Bar                     -1.50 EUR    
  Assets:Inventory:Bar              -1 JUPILER
  Liabilities:Bar:Members:Sasja      1 JUPILER

2016-12-18 txn "Tom deposited EUR 2.50 and has now EUR -4.00"
  Liabilities:Bar:Members:Superpumpie  -2.50 EUR
  Assets:Cash:Bar                       2.50 EUR

2016-12-18 txn "Koen bought 1 product (-0.50) and has EUR -9.30 left"
  Liabilities:Bar:Members:Koen   0.50 EUR   
  Income:Bar                    -0.50 EUR   
  Assets:Inventory:Bar             -1 KITKAT
  Liabilities:Bar:Members:Koen      1 KITKAT

2016-12-18 txn "sasja bought 1 product (-0.50) and has EUR 3.60 left"
  Liabilities:Bar:Members:Sasja   0.50 EUR 
  Income:Bar                     -0.50 EUR 
  Assets:Inventory:Bar              -1 CHIP
  Liabilities:Bar:Members:Sasja      1 CHIP

2016-12-18 txn "Koen bought 1 product (-1.50) and has EUR -10.80 left"
  Liabilities:Bar:Members:Koen   1.50 EUR    
  Income:Bar                    -1.50 EUR    
  Assets:Inventory:Bar             -1 JUPILER
  Liabilities:Bar:Members:Koen      1 JUPILER

2016-12-18 txn "sasja bought 1 product (-1.50) and has EUR 2.10 left"
  Liabilities:Bar:Members:Sasja   1.50 EUR    
  Income:Bar                     -1.50 EUR    
  Assets:Inventory:Bar              -1 JUPILER
  Liabilities:Bar:Members:Sasja      1 JUPILER

2016-12-18 txn "Tom bought 1 product (-1.50) and has EUR -5.50 left"
  Liabilities:Bar:Members:Superpumpie   1.50 EUR   
  Income:Bar                           -1.50 EUR   
  Assets:Inventory:Bar                    -1 ICETEA
  Liabilities:Bar:Members:Superpumpie      1 ICETEA

2016-12-18 txn "sasja bought 1 product (-1.50) and has EUR 0.60 left"
  Liabilities:Bar:Members:Sasja   1.50 EUR    
  Income:Bar                     -1.50 EUR    
  Assets:Inventory:Bar              -1 JUPILER
  Liabilities:Bar:Members:Sasja      1 JUPILER

2016-12-18 txn "elvis deposited EUR -2.00 and has now EUR 0.00"
  Liabilities:Bar:Members:Elvis   2.00 EUR
  Assets:Cash:Bar                -2.00 EUR

2016-12-18 txn "Merlijn deposited EUR 2.00 and has now EUR -5.75"
  Liabilities:Bar:Members:Merlijn  -2.00 EUR
  Assets:Cash:Bar                   2.00 EUR

2016-12-18 txn "Koen deposited EUR -4.60 and has now EUR -15.40"
  Liabilities:Bar:Members:Koen   4.60 EUR
  Assets:Cash:Bar               -4.60 EUR

2016-12-18 txn "Merlijn deposited EUR 4.60 and has now EUR -1.15"
  Liabilities:Bar:Members:Merlijn  -4.60 EUR
  Assets:Cash:Bar                   4.60 EUR

2016-12-18 txn "Merlijn deposited EUR 4.60 and has now EUR 3.45"
  Liabilities:Bar:Members:Merlijn  -4.60 EUR
  Assets:Cash:Bar                   4.60 EUR

2016-12-18 txn "Merlijn deposited EUR -0.07 and has now EUR 3.38"
  Liabilities:Bar:Members:Merlijn   0.07 EUR
  Assets:Cash:Bar                  -0.07 EUR

2016-12-18 txn "Merlijn deposited EUR 4.60 and has now EUR 7.98"
  Liabilities:Bar:Members:Merlijn  -4.60 EUR
  Assets:Cash:Bar                   4.60 EUR

2016-12-18 txn "sasja deposited EUR -4.60 and has now EUR -4.00"
  Liabilities:Bar:Members:Sasja   4.60 EUR
  Assets:Cash:Bar                -4.60 EUR

2016-12-18 txn "bart deposited EUR 4.60 and has now EUR 28.35"
  Liabilities:Bar:Members:Bart  -4.60 EUR
  Assets:Cash:Bar                4.60 EUR

2016-12-18 txn "Merlijn deposited EUR 9.20 and has now EUR 17.18"
  Liabilities:Bar:Members:Merlijn  -9.20 EUR
  Assets:Cash:Bar                   9.20 EUR

2016-12-18 balance Liabilities:Bar:Members:Bloemist                0.10 EUR
  iline: "625"

2016-12-18 txn "Bloemist bought 1 product (-0.50) and has EUR -0.60 left"
  Liabilities:Bar:Members:Bloemist   0.50 EUR 
  Income:Bar                        -0.50 EUR 
  Assets:Inventory:Bar                 -1 TWIX
  Liabilities:Bar:Members:Bloemist      1 TWIX

2016-12-18 txn "Tom bought 2 products (-3.00) and has EUR -8.50 left"
  Liabilities:Bar:Members:Superpumpie   3.00 EUR    
  Income:Bar                           -3.00 EUR    
  Assets:Inventory:Bar                    -2 JUPILER
  Liabilities:Bar:Members:Superpumpie      2 JUPILER

2016-12-18 txn "Tom deposited EUR 20.00 and has now EUR 11.50"
  Liabilities:Bar:Members:Superpumpie  -20.00 EUR
  Assets:Cash:Bar                       20.00 EUR

2016-12-18 txn "Koen bought 2 products (-2.00) and has EUR -17.40 left"
  Liabilities:Bar:Members:Koen   2.00 EUR   
  Income:Bar                    -2.00 EUR   
  Assets:Inventory:Bar             -1 ICETEA
  Liabilities:Bar:Members:Koen      1 ICETEA
  Assets:Inventory:Bar             -1 KITKAT
  Liabilities:Bar:Members:Koen      1 KITKAT

2016-12-18 txn "Koen deposited EUR 20.00 and has now EUR 2.60"
  Liabilities:Bar:Members:Koen  -20.00 EUR
  Assets:Cash:Bar                20.00 EUR

2016-12-22 balance Liabilities:Bar:Members:Thijs                   0.85 EUR
  iline: "630"

2016-12-22 txn "thijs bought 1 product (-0.50) and has EUR -1.35 left"
  Liabilities:Bar:Members:Thijs   0.50 EUR  
  Income:Bar                     -0.50 EUR  
  Assets:Inventory:Bar              -1 WATER
  Liabilities:Bar:Members:Thijs      1 WATER

2016-12-22 balance Liabilities:Bar:Members:Koen                    -2.60 EUR
  iline: "631"

2016-12-22 txn "Koen bought 1 product (-1.50) and has EUR 1.10 left"
  Liabilities:Bar:Members:Koen   1.50 EUR   
  Income:Bar                    -1.50 EUR   
  Assets:Inventory:Bar             -1 ICETEA
  Liabilities:Bar:Members:Koen      1 ICETEA

2016-12-22 balance Liabilities:Bar:Members:Bloemist                0.60 EUR
  iline: "632"

2016-12-22 txn "Bloemist bought 1 product (-1.50) and has EUR -2.10 left"
  Liabilities:Bar:Members:Bloemist   1.50 EUR    
  Income:Bar                        -1.50 EUR    
  Assets:Inventory:Bar                 -1 JUPILER
  Liabilities:Bar:Members:Bloemist      1 JUPILER

2016-12-22 balance Liabilities:Bar:Members:Elvis                   0.00 EUR
  iline: "634"

2016-12-22 txn "elvis deposited EUR 5.00 and has now EUR 5.00"
  Liabilities:Bar:Members:Elvis  -5.00 EUR
  Assets:Cash:Bar                 5.00 EUR

2016-12-22 txn "elvis bought 1 product (-1.50) and has EUR 3.50 left"
  Liabilities:Bar:Members:Elvis   1.50 EUR 
  Income:Bar                     -1.50 EUR 
  Assets:Inventory:Bar              -1 COKE
  Liabilities:Bar:Members:Elvis      1 COKE

2016-12-22 txn "Bloemist bought 1 product (-0.50) and has EUR -2.60 left"
  Liabilities:Bar:Members:Bloemist   0.50 EUR   
  Income:Bar                        -0.50 EUR   
  Assets:Inventory:Bar                 -1 KITKAT
  Liabilities:Bar:Members:Bloemist      1 KITKAT

2016-12-22 txn "Joren bought 1 product (-2.00) and has EUR 7.60 left"
  Liabilities:Bar:Members:Joren   2.00 EUR  
  Income:Bar                     -2.00 EUR  
  Assets:Inventory:Bar              -1 DUVEL
  Liabilities:Bar:Members:Joren      1 DUVEL

2016-12-22 balance Liabilities:Bar:Members:Bert                    -23.20 EUR
  iline: "638"

2016-12-22 txn "Bert bought 1 product (-1.50) and has EUR 21.70 left"
  Liabilities:Bar:Members:Bert   1.50 EUR   
  Income:Bar                    -1.50 EUR   
  Assets:Inventory:Bar             -1 ICETEA
  Liabilities:Bar:Members:Bert      1 ICETEA

2016-12-24 balance Liabilities:Bar:Members:Els                     -16.70 EUR
  iline: "640"
2016-12-24 balance Liabilities:Bar:Members:Bart                    -28.35 EUR
  iline: "640"

2016-12-24 txn "els bought 3 products (-17.00) and has EUR -0.30 left"
  Liabilities:Bar:Members:Bart   -1.63 EUR    
  Liabilities:Bar:Members:Els    17.00 EUR    
  Income:Bar                    -15.37 EUR    
  Assets:Inventory:Bar              -2 JOYLENT
  Liabilities:Bar:Members:Els        2 JOYLENT
  Assets:Inventory:Bar              -1 ORVL   
  Liabilities:Bar:Members:Els        1 ORVL   

2016-12-29 balance Liabilities:Bar:Members:Elvis                   -3.50 EUR
  iline: "642"

2016-12-29 txn "elvis bought 1 product (-1.50) and has EUR 2.00 left"
  Liabilities:Bar:Members:Elvis   1.50 EUR  
  Income:Bar                     -1.50 EUR  
  Assets:Inventory:Bar              -1 FANTA
  Liabilities:Bar:Members:Elvis      1 FANTA

2016-12-29 balance Liabilities:Bar:Members:Thijs                   1.35 EUR
  iline: "643"

2016-12-29 txn "thijs bought 1 product (-2.00) and has EUR -3.35 left"
  Liabilities:Bar:Members:Thijs   2.00 EUR
  Income:Bar                     -2.00 EUR
  Assets:Inventory:Bar              -1 CM 
  Liabilities:Bar:Members:Thijs      1 CM 

2016-12-29 txn "thijs bought 1 product (-1.50) and has EUR -4.85 left"
  Liabilities:Bar:Members:Thijs   1.50 EUR    
  Income:Bar                     -1.50 EUR    
  Assets:Inventory:Bar              -1 JUPILER
  Liabilities:Bar:Members:Thijs      1 JUPILER

2016-12-29 txn "elvis bought 1 product (-0.50) and has EUR 1.50 left"
  Liabilities:Bar:Members:Elvis   0.50 EUR 
  Income:Bar                     -0.50 EUR 
  Assets:Inventory:Bar              -1 TWIX
  Liabilities:Bar:Members:Elvis      1 TWIX

2016-12-29 balance Liabilities:Bar:Members:Koen                    -1.10 EUR
  iline: "647"

2016-12-29 txn "Koen bought 1 product (-1.50) and has EUR -0.40 left"
  Liabilities:Bar:Members:Koen   1.50 EUR   
  Income:Bar                    -1.50 EUR   
  Assets:Inventory:Bar             -1 ICETEA
  Liabilities:Bar:Members:Koen      1 ICETEA

2016-12-29 txn "elvis bought 1 product (-1.50) and has EUR 0.00 left"
  Liabilities:Bar:Members:Elvis   1.50 EUR   
  Income:Bar                     -1.50 EUR   
  Assets:Inventory:Bar              -1 ICETEA
  Liabilities:Bar:Members:Elvis      1 ICETEA

2017-01-01 balance Liabilities:Bar:Members:Koen                    0.40 EUR
  iline: "649"

2017-01-01 txn "Koen bought 1 product (-0.50) and has EUR -0.90 left"
  Liabilities:Bar:Members:Koen   0.50 EUR 
  Income:Bar                    -0.50 EUR 
  Assets:Inventory:Bar             -1 CHIP
  Liabilities:Bar:Members:Koen      1 CHIP

2017-01-01 txn "Koen bought 1 product (-0.50) and has EUR -1.40 left"
  Liabilities:Bar:Members:Koen   0.50 EUR   
  Income:Bar                    -0.50 EUR   
  Assets:Inventory:Bar             -1 KITKAT
  Liabilities:Bar:Members:Koen      1 KITKAT

2017-01-05 balance Liabilities:Bar:Members:Ewaut                   -5.50 EUR
  iline: "652"

2017-01-05 txn "ewaut bought 2 products (-2.00) and has EUR 3.50 left"
  Liabilities:Bar:Members:Ewaut   2.00 EUR   
  Income:Bar                     -2.00 EUR   
  Assets:Inventory:Bar              -1 ICETEA
  Liabilities:Bar:Members:Ewaut      1 ICETEA
  Assets:Inventory:Bar              -1 CHIP  
  Liabilities:Bar:Members:Ewaut      1 CHIP  

2017-01-05 balance Liabilities:Bar:Members:Bloemist                2.60 EUR
  iline: "653"

2017-01-05 txn "Bloemist bought 1 product (-1.50) and has EUR -4.10 left"
  Liabilities:Bar:Members:Bloemist   1.50 EUR 
  Income:Bar                        -1.50 EUR 
  Assets:Inventory:Bar                 -1 COKE
  Liabilities:Bar:Members:Bloemist      1 COKE

2017-01-05 balance Liabilities:Bar:Members:Koen                    1.40 EUR
  iline: "654"

2017-01-05 txn "Koen bought 1 product (-0.50) and has EUR -1.90 left"
  Liabilities:Bar:Members:Koen   0.50 EUR 
  Income:Bar                    -0.50 EUR 
  Assets:Inventory:Bar             -1 MARS
  Liabilities:Bar:Members:Koen      1 MARS

2017-01-05 txn "Koen bought 1 product (-0.50) and has EUR -2.40 left"
  Liabilities:Bar:Members:Koen   0.50 EUR 
  Income:Bar                    -0.50 EUR 
  Assets:Inventory:Bar             -1 CHIP
  Liabilities:Bar:Members:Koen      1 CHIP

2017-01-05 txn "Bloemist bought 1 product (-0.50) and has EUR -4.60 left"
  Liabilities:Bar:Members:Bloemist   0.50 EUR 
  Income:Bar                        -0.50 EUR 
  Assets:Inventory:Bar                 -1 CHIP
  Liabilities:Bar:Members:Bloemist      1 CHIP

2017-01-05 balance Liabilities:Bar:Members:Superpumpie             -11.50 EUR
  iline: "657"

2017-01-05 txn "Tom bought 1 product (-2.00) and has EUR 9.50 left"
  Liabilities:Bar:Members:Superpumpie   2.00 EUR
  Income:Bar                           -2.00 EUR
  Assets:Inventory:Bar                    -1 CM 
  Liabilities:Bar:Members:Superpumpie      1 CM 

2017-01-05 txn "Tom deposited EUR 2.00 and has now EUR 11.50"
  Liabilities:Bar:Members:Superpumpie  -2.00 EUR
  Assets:Cash:Bar                       2.00 EUR

2017-01-05 balance Liabilities:Bar:Members:Thijs                   4.85 EUR
  iline: "659"

2017-01-05 txn "thijs bought 1 product (-2.00) and has EUR -6.85 left"
  Liabilities:Bar:Members:Thijs   2.00 EUR
  Income:Bar                     -2.00 EUR
  Assets:Inventory:Bar              -1 CM 
  Liabilities:Bar:Members:Thijs      1 CM 

2017-01-05 balance Liabilities:Bar:Members:Elvis                   0.00 EUR
  iline: "668"

2017-01-05 txn "elvis deposited EUR 10.00 and has now EUR 10.00"
  Liabilities:Bar:Members:Elvis  -10.00 EUR
  Assets:Cash:Bar                 10.00 EUR

2017-01-05 txn "elvis bought 1 product (-1.50) and has EUR 8.50 left"
  Liabilities:Bar:Members:Elvis   1.50 EUR 
  Income:Bar                     -1.50 EUR 
  Assets:Inventory:Bar              -1 COKE
  Liabilities:Bar:Members:Elvis      1 COKE

2017-01-05 balance Liabilities:Bar:Members:Enzian                  -14.00 EUR
  iline: "670"

2017-01-05 txn "gillesj bought 1 product (-1.50) and has EUR 12.50 left"
  Liabilities:Bar:Members:Enzian   1.50 EUR   
  Income:Bar                      -1.50 EUR   
  Assets:Inventory:Bar               -1 ICETEA
  Liabilities:Bar:Members:Enzian      1 ICETEA

2017-01-05 txn "Bloemist bought 1 product (-0.50) and has EUR -5.10 left"
  Liabilities:Bar:Members:Bloemist   0.50 EUR 
  Income:Bar                        -0.50 EUR 
  Assets:Inventory:Bar                 -1 CHIP
  Liabilities:Bar:Members:Bloemist      1 CHIP

2017-01-05 txn "Bloemist bought 1 product (-0.50) and has EUR -5.60 left"
  Liabilities:Bar:Members:Bloemist   0.50 EUR 
  Income:Bar                        -0.50 EUR 
  Assets:Inventory:Bar                 -1 CHIP
  Liabilities:Bar:Members:Bloemist      1 CHIP

2017-01-05 txn "gillesj bought 1 product (-2.00) and has EUR 10.50 left"
  Liabilities:Bar:Members:Enzian   2.00 EUR  
  Income:Bar                      -2.00 EUR  
  Assets:Inventory:Bar               -1 DUVEL
  Liabilities:Bar:Members:Enzian      1 DUVEL

2017-01-05 balance Liabilities:Bar:Members:Merlijn                 -17.18 EUR
  iline: "674"

2017-01-05 txn "Merlijn bought 2 products (-2.00) and has EUR 15.18 left"
  Liabilities:Bar:Members:Merlijn   2.00 EUR     
  Income:Bar                       -2.00 EUR     
  Assets:Inventory:Bar                -1 ICETEA  
  Liabilities:Bar:Members:Merlijn      1 ICETEA  
  Assets:Inventory:Bar                -1 SNICKERS
  Liabilities:Bar:Members:Merlijn      1 SNICKERS

2017-01-05 balance Liabilities:Bar:Members:Sasja                   4.00 EUR
  iline: "675"

2017-01-05 txn "sasja bought 1 product (-0.50) and has EUR -4.50 left"
  Liabilities:Bar:Members:Sasja   0.50 EUR   
  Income:Bar                     -0.50 EUR   
  Assets:Inventory:Bar              -1 KITKAT
  Liabilities:Bar:Members:Sasja      1 KITKAT

2017-01-05 txn "ewaut bought 1 product (-0.50) and has EUR 3.00 left"
  Liabilities:Bar:Members:Ewaut   0.50 EUR     
  Income:Bar                     -0.50 EUR     
  Assets:Inventory:Bar              -1 SNICKERS
  Liabilities:Bar:Members:Ewaut      1 SNICKERS

2017-01-05 txn "Bloemist bought 1 product (-0.50) and has EUR -6.10 left"
  Liabilities:Bar:Members:Bloemist   0.50 EUR   
  Income:Bar                        -0.50 EUR   
  Assets:Inventory:Bar                 -1 KITKAT
  Liabilities:Bar:Members:Bloemist      1 KITKAT

2017-01-05 txn "gillesj bought 1 product (-2.00) and has EUR 8.50 left"
  Liabilities:Bar:Members:Enzian   2.00 EUR
  Income:Bar                      -2.00 EUR
  Assets:Inventory:Bar               -1 CM 
  Liabilities:Bar:Members:Enzian      1 CM 

2017-01-05 txn "ewaut bought 2 products (-1.00) and has EUR 2.00 left"
  Liabilities:Bar:Members:Ewaut   1.00 EUR 
  Income:Bar                     -1.00 EUR 
  Assets:Inventory:Bar              -2 CHIP
  Liabilities:Bar:Members:Ewaut      2 CHIP

2017-01-05 balance Liabilities:Bar:Members:Bart                    -29.98 EUR
  iline: "680"

2017-01-05 txn "bart bought 1 product (-1.50) and has EUR 28.48 left"
  Liabilities:Bar:Members:Bart   1.50 EUR   
  Income:Bar                    -1.50 EUR   
  Assets:Inventory:Bar             -1 ICETEA
  Liabilities:Bar:Members:Bart      1 ICETEA

2017-01-05 balance Liabilities:Bar:Members:Bert                    -21.70 EUR
  iline: "681"

2017-01-05 txn "Bert bought 1 product (-2.00) and has EUR 19.70 left"
  Liabilities:Bar:Members:Bert   2.00 EUR
  Income:Bar                    -2.00 EUR
  Assets:Inventory:Bar             -1 CM 
  Liabilities:Bar:Members:Bert      1 CM 

2017-01-05 txn "Koen bought 1 product (-0.50) and has EUR -2.90 left"
  Liabilities:Bar:Members:Koen   0.50 EUR   
  Income:Bar                    -0.50 EUR   
  Assets:Inventory:Bar             -1 KITKAT
  Liabilities:Bar:Members:Koen      1 KITKAT

2017-01-06 balance Liabilities:Bar:Members:Elvis                   -8.50 EUR
  iline: "683"

2017-01-06 txn "elvis deposited EUR 1.00 and has now EUR 9.50"
  Liabilities:Bar:Members:Elvis  -1.00 EUR
  Assets:Cash:Bar                 1.00 EUR

2017-01-06 txn "elvis bought 2 products (-1.00) and has EUR 8.50 left"
  Liabilities:Bar:Members:Elvis   1.00 EUR 
  Income:Bar                     -1.00 EUR 
  Assets:Inventory:Bar              -2 MARS
  Liabilities:Bar:Members:Elvis      2 MARS

2017-01-06 txn "elvis bought 1 product (-0.50) and has EUR 8.00 left"
  Liabilities:Bar:Members:Elvis   0.50 EUR 
  Income:Bar                     -0.50 EUR 
  Assets:Inventory:Bar              -1 MARS
  Liabilities:Bar:Members:Elvis      1 MARS

2017-01-08 balance Liabilities:Bar:Members:Sasja                   4.50 EUR
  iline: "686"

2017-01-08 txn "sasja bought 1 product (-2.00) and has EUR -6.50 left"
  Liabilities:Bar:Members:Sasja   2.00 EUR
  Income:Bar                     -2.00 EUR
  Assets:Inventory:Bar              -1 CM 
  Liabilities:Bar:Members:Sasja      1 CM 

2017-01-08 txn "sasja deposited EUR 50.00 and has now EUR 43.50"
  Liabilities:Bar:Members:Sasja  -50.00 EUR
  Assets:Cash:Bar                 50.00 EUR

2017-01-08 balance Liabilities:Bar:Members:Bart                    -28.48 EUR
  iline: "688"

2017-01-08 txn "bart bought 1 product (-0.50) and has EUR 27.98 left"
  Liabilities:Bar:Members:Bart   0.50 EUR 
  Income:Bar                    -0.50 EUR 
  Assets:Inventory:Bar             -1 CHIP
  Liabilities:Bar:Members:Bart      1 CHIP

2017-01-08 balance Liabilities:Bar:Members:Koen                    2.90 EUR
  iline: "690"

2017-01-08 txn "Koen bought 1 product (-1.50) and has EUR -4.40 left"
  Liabilities:Bar:Members:Koen   1.50 EUR   
  Income:Bar                    -1.50 EUR   
  Assets:Inventory:Bar             -1 ICETEA
  Liabilities:Bar:Members:Koen      1 ICETEA

2017-01-08 txn "bart bought 1 product (-1.50) and has EUR 26.48 left"
  Liabilities:Bar:Members:Bart   1.50 EUR   
  Income:Bar                    -1.50 EUR   
  Assets:Inventory:Bar             -1 ICETEA
  Liabilities:Bar:Members:Bart      1 ICETEA

2017-01-08 txn "sasja bought 1 product (-1.50) and has EUR 42.00 left"
  Liabilities:Bar:Members:Sasja   1.50 EUR   
  Income:Bar                     -1.50 EUR   
  Assets:Inventory:Bar              -1 ICETEA
  Liabilities:Bar:Members:Sasja      1 ICETEA

2017-01-08 balance Liabilities:Bar:Members:Joris                   -5.50 EUR
  iline: "693"

2017-01-08 txn "joris bought 1 product (-2.00) and has EUR 3.50 left"
  Liabilities:Bar:Members:Joris   2.00 EUR  
  Income:Bar                     -2.00 EUR  
  Assets:Inventory:Bar              -1 DUVEL
  Liabilities:Bar:Members:Joris      1 DUVEL

2017-01-08 txn "Koen bought 1 product (-0.50) and has EUR -4.90 left"
  Liabilities:Bar:Members:Koen   0.50 EUR   
  Income:Bar                    -0.50 EUR   
  Assets:Inventory:Bar             -1 KITKAT
  Liabilities:Bar:Members:Koen      1 KITKAT

2017-01-08 balance Liabilities:Bar:Members:Superpumpie             -11.50 EUR
  iline: "695"

2017-01-08 txn "Tom bought 1 product (-0.50) and has EUR 11.00 left"
  Liabilities:Bar:Members:Superpumpie   0.50 EUR     
  Income:Bar                           -0.50 EUR     
  Assets:Inventory:Bar                    -1 SNICKERS
  Liabilities:Bar:Members:Superpumpie      1 SNICKERS

2017-01-08 txn "Koen bought 1 product (-1.50) and has EUR -6.40 left"
  Liabilities:Bar:Members:Koen   1.50 EUR   
  Income:Bar                    -1.50 EUR   
  Assets:Inventory:Bar             -1 ICETEA
  Liabilities:Bar:Members:Koen      1 ICETEA

2017-01-08 txn "Tom bought 1 product (-1.50) and has EUR 9.50 left"
  Liabilities:Bar:Members:Superpumpie   1.50 EUR   
  Income:Bar                           -1.50 EUR   
  Assets:Inventory:Bar                    -1 ICETEA
  Liabilities:Bar:Members:Superpumpie      1 ICETEA

2017-01-08 txn "joris bought 1 product (-0.50) and has EUR 3.00 left"
  Liabilities:Bar:Members:Joris   0.50 EUR 
  Income:Bar                     -0.50 EUR 
  Assets:Inventory:Bar              -1 CHIP
  Liabilities:Bar:Members:Joris      1 CHIP

2017-01-08 txn "sasja bought 1 product (-0.50) and has EUR 41.50 left"
  Liabilities:Bar:Members:Sasja   0.50 EUR 
  Income:Bar                     -0.50 EUR 
  Assets:Inventory:Bar              -1 CHIP
  Liabilities:Bar:Members:Sasja      1 CHIP

2017-01-08 txn "Koen bought 2 products (-2.50) and has EUR -8.90 left"
  Liabilities:Bar:Members:Koen   2.50 EUR 
  Income:Bar                    -2.50 EUR 
  Assets:Inventory:Bar             -1 CM  
  Liabilities:Bar:Members:Koen      1 CM  
  Assets:Inventory:Bar             -1 CHIP
  Liabilities:Bar:Members:Koen      1 CHIP

2017-01-08 txn "bart bought 1 product (-2.00) and has EUR 24.48 left"
  Liabilities:Bar:Members:Bart   2.00 EUR
  Income:Bar                    -2.00 EUR
  Assets:Inventory:Bar             -1 CM 
  Liabilities:Bar:Members:Bart      1 CM 

2017-01-08 txn "Tom bought 1 product (-0.50) and has EUR 9.00 left"
  Liabilities:Bar:Members:Superpumpie   0.50 EUR 
  Income:Bar                           -0.50 EUR 
  Assets:Inventory:Bar                    -1 CHIP
  Liabilities:Bar:Members:Superpumpie      1 CHIP

2017-01-08 txn "Koen bought 2 products (-2.00) and has EUR -10.90 left"
  Liabilities:Bar:Members:Koen   2.00 EUR    
  Income:Bar                    -2.00 EUR    
  Assets:Inventory:Bar             -1 JUPILER
  Liabilities:Bar:Members:Koen      1 JUPILER
  Assets:Inventory:Bar             -1 KITKAT 
  Liabilities:Bar:Members:Koen      1 KITKAT 

2017-01-09 balance Liabilities:Bar:Members:Koen                    10.90 EUR
  iline: "705"

2017-01-09 txn "Koen bought 1 product (-1.50) and has EUR -12.40 left"
  Liabilities:Bar:Members:Koen   1.50 EUR   
  Income:Bar                    -1.50 EUR   
  Assets:Inventory:Bar             -1 ICETEA
  Liabilities:Bar:Members:Koen      1 ICETEA

2017-01-10 balance Liabilities:Bar:Members:Enzian                  -8.50 EUR
  iline: "706"

2017-01-10 txn "gillesj bought 1 product (-2.00) and has EUR 6.50 left"
  Liabilities:Bar:Members:Enzian   2.00 EUR
  Income:Bar                      -2.00 EUR
  Assets:Inventory:Bar               -1 CM 
  Liabilities:Bar:Members:Enzian      1 CM 

2017-01-10 balance Liabilities:Bar:Members:Thijs                   6.85 EUR
  iline: "707"

2017-01-10 txn "thijs bought 1 product (-2.00) and has EUR -8.85 left"
  Liabilities:Bar:Members:Thijs   2.00 EUR
  Income:Bar                     -2.00 EUR
  Assets:Inventory:Bar              -1 CM 
  Liabilities:Bar:Members:Thijs      1 CM 

2017-01-10 txn "thijs deposited EUR 15.00 and has now EUR 6.15"
  Liabilities:Bar:Members:Thijs  -15.00 EUR
  Assets:Cash:Bar                 15.00 EUR

2017-01-10 txn "gillesj bought 1 product (-1.50) and has EUR 5.00 left"
  Liabilities:Bar:Members:Enzian   1.50 EUR  
  Income:Bar                      -1.50 EUR  
  Assets:Inventory:Bar               -1 FANTA
  Liabilities:Bar:Members:Enzian      1 FANTA

2017-01-10 txn "thijs bought 1 product (-0.50) and has EUR 5.65 left"
  Liabilities:Bar:Members:Thijs   0.50 EUR   
  Income:Bar                     -0.50 EUR   
  Assets:Inventory:Bar              -1 KITKAT
  Liabilities:Bar:Members:Thijs      1 KITKAT

2017-01-10 txn "gillesj bought 1 product (-0.50) and has EUR 4.50 left"
  Liabilities:Bar:Members:Enzian   0.50 EUR     
  Income:Bar                      -0.50 EUR     
  Assets:Inventory:Bar               -1 SNICKERS
  Liabilities:Bar:Members:Enzian      1 SNICKERS

2017-01-11 balance Liabilities:Bar:Members:Thijs                   -5.65 EUR
  iline: "713"

2017-01-11 txn "thijs bought 1 product (-0.50) and has EUR 5.15 left"
  Liabilities:Bar:Members:Thijs   0.50 EUR   
  Income:Bar                     -0.50 EUR   
  Assets:Inventory:Bar              -1 KITKAT
  Liabilities:Bar:Members:Thijs      1 KITKAT

2017-01-12 balance Liabilities:Bar:Members:Ewaut                   -2.00 EUR
  iline: "714"

2017-01-12 txn "ewaut bought 1 product (-1.50) and has EUR 0.50 left"
  Liabilities:Bar:Members:Ewaut   1.50 EUR   
  Income:Bar                     -1.50 EUR   
  Assets:Inventory:Bar              -1 ICETEA
  Liabilities:Bar:Members:Ewaut      1 ICETEA

2017-01-12 balance Liabilities:Bar:Members:Bart                    -24.48 EUR
  iline: "715"

2017-01-12 txn "bart bought 2 products (-3.50) and has EUR 20.98 left"
  Liabilities:Bar:Members:Bart   3.50 EUR  
  Income:Bar                    -3.50 EUR  
  Assets:Inventory:Bar             -1 FANTA
  Liabilities:Bar:Members:Bart      1 FANTA
  Assets:Inventory:Bar             -1 CM   
  Liabilities:Bar:Members:Bart      1 CM   

2017-01-12 balance Liabilities:Bar:Members:Merlijn                 -15.18 EUR
  iline: "716"

2017-01-12 txn "Merlijn bought 1 product (-1.50) and has EUR 13.68 left"
  Liabilities:Bar:Members:Merlijn   1.50 EUR   
  Income:Bar                       -1.50 EUR   
  Assets:Inventory:Bar                -1 ICETEA
  Liabilities:Bar:Members:Merlijn      1 ICETEA

2017-01-12 txn "ewaut bought 1 product (-2.00) and has EUR -1.50 left"
  Liabilities:Bar:Members:Ewaut   2.00 EUR  
  Income:Bar                     -2.00 EUR  
  Assets:Inventory:Bar              -1 DUVEL
  Liabilities:Bar:Members:Ewaut      1 DUVEL

2017-01-12 balance Liabilities:Bar:Members:Joris                   -3.00 EUR
  iline: "718"

2017-01-12 txn "joris bought 1 product (-1.50) and has EUR 1.50 left"
  Liabilities:Bar:Members:Joris   1.50 EUR      
  Income:Bar                     -1.50 EUR      
  Assets:Inventory:Bar              -1 COKE_ZERO
  Liabilities:Bar:Members:Joris      1 COKE_ZERO

2017-01-12 balance Liabilities:Bar:Members:Ruben                   -1.50 EUR
  iline: "720"

2017-01-12 txn "ruben bought 1 product (-2.00) and has EUR -0.50 left"
  Liabilities:Bar:Members:Ruben   2.00 EUR
  Income:Bar                     -2.00 EUR
  Assets:Inventory:Bar              -1 CM 
  Liabilities:Bar:Members:Ruben      1 CM 

2017-01-12 txn "Merlijn bought 1 product (-0.50) and has EUR 13.18 left"
  Liabilities:Bar:Members:Merlijn   0.50 EUR     
  Income:Bar                       -0.50 EUR     
  Assets:Inventory:Bar                -1 SNICKERS
  Liabilities:Bar:Members:Merlijn      1 SNICKERS

2017-01-12 balance Liabilities:Bar:Members:Thijs                   -5.15 EUR
  iline: "722"

2017-01-12 txn "thijs bought 1 product (-1.50) and has EUR 3.65 left"
  Liabilities:Bar:Members:Thijs   1.50 EUR    
  Income:Bar                     -1.50 EUR    
  Assets:Inventory:Bar              -1 JUPILER
  Liabilities:Bar:Members:Thijs      1 JUPILER

2017-01-12 balance Liabilities:Bar:Members:Koen                    12.40 EUR
  iline: "724"

2017-01-12 txn "Koen bought 1 product (-1.50) and has EUR -13.90 left"
  Liabilities:Bar:Members:Koen   1.50 EUR   
  Income:Bar                    -1.50 EUR   
  Assets:Inventory:Bar             -1 ICETEA
  Liabilities:Bar:Members:Koen      1 ICETEA

2017-01-12 balance Liabilities:Bar:Members:Elvis                   -8.00 EUR
  iline: "725"

2017-01-12 txn "elvis bought 2 products (-2.00) and has EUR 6.00 left"
  Liabilities:Bar:Members:Elvis   2.00 EUR  
  Income:Bar                     -2.00 EUR  
  Assets:Inventory:Bar              -1 FANTA
  Liabilities:Bar:Members:Elvis      1 FANTA
  Assets:Inventory:Bar              -1 MARS 
  Liabilities:Bar:Members:Elvis      1 MARS 

2017-01-12 txn "thijs deposited EUR 35.00 and has now EUR 38.65"
  Liabilities:Bar:Members:Thijs  -35.00 EUR
  Assets:Cash:Bar                 35.00 EUR

2017-01-12 txn "elvis deposited EUR 15.00 and has now EUR 21.00"
  Liabilities:Bar:Members:Elvis  -15.00 EUR
  Assets:Cash:Bar                 15.00 EUR

2017-01-12 txn "joris bought 2 products (-2.00) and has EUR -0.50 left"
  Liabilities:Bar:Members:Joris   2.00 EUR    
  Income:Bar                     -2.00 EUR    
  Assets:Inventory:Bar              -1 JUPILER
  Liabilities:Bar:Members:Joris      1 JUPILER
  Assets:Inventory:Bar              -1 KITKAT 
  Liabilities:Bar:Members:Joris      1 KITKAT 

2017-01-12 txn "ewaut deposited EUR 15.00 and has now EUR 13.50"
  Liabilities:Bar:Members:Ewaut  -15.00 EUR
  Assets:Cash:Bar                 15.00 EUR

2017-01-12 txn "ewaut bought 1 product (-2.00) and has EUR 11.50 left"
  Liabilities:Bar:Members:Ewaut   2.00 EUR
  Income:Bar                     -2.00 EUR
  Assets:Inventory:Bar              -1 CM 
  Liabilities:Bar:Members:Ewaut      1 CM 

2017-01-12 txn "Koen bought 6 products (-9.00) and has EUR -22.90 left"
  Liabilities:Bar:Members:Koen   9.00 EUR    
  Income:Bar                    -9.00 EUR    
  Assets:Inventory:Bar             -6 JUPILER
  Liabilities:Bar:Members:Koen      6 JUPILER

2017-01-12 balance Liabilities:Bar:Members:Bloemist                6.10 EUR
  iline: "734"

2017-01-12 txn "Bloemist deposited EUR 5.00 and has now EUR -1.10"
  Liabilities:Bar:Members:Bloemist  -5.00 EUR
  Assets:Cash:Bar                    5.00 EUR

2017-01-12 txn "Koen bought 1 product (-1.50) and has EUR -24.40 left"
  Liabilities:Bar:Members:Koen   1.50 EUR   
  Income:Bar                    -1.50 EUR   
  Assets:Inventory:Bar             -1 ICETEA
  Liabilities:Bar:Members:Koen      1 ICETEA

2017-01-12 balance Liabilities:Bar:Members:Bert                    -19.70 EUR
  iline: "736"

2017-01-12 txn "Bert bought 1 product (-1.50) and has EUR 18.20 left"
  Liabilities:Bar:Members:Bert   1.50 EUR    
  Income:Bar                    -1.50 EUR    
  Assets:Inventory:Bar             -1 JUPILER
  Liabilities:Bar:Members:Bert      1 JUPILER

2017-01-12 txn "thijs bought 1 product (-1.50) and has EUR 37.15 left"
  Liabilities:Bar:Members:Thijs   1.50 EUR    
  Income:Bar                     -1.50 EUR    
  Assets:Inventory:Bar              -1 JUPILER
  Liabilities:Bar:Members:Thijs      1 JUPILER

2017-01-12 txn "thijs bought 1 product (-0.50) and has EUR 36.65 left"
  Liabilities:Bar:Members:Thijs   0.50 EUR   
  Income:Bar                     -0.50 EUR   
  Assets:Inventory:Bar              -1 KITKAT
  Liabilities:Bar:Members:Thijs      1 KITKAT

2017-01-12 txn "bart bought 1 product (-1.50) and has EUR 19.48 left"
  Liabilities:Bar:Members:Bart   1.50 EUR    
  Income:Bar                    -1.50 EUR    
  Assets:Inventory:Bar             -1 JUPILER
  Liabilities:Bar:Members:Bart      1 JUPILER

2017-01-12 txn "Merlijn bought 1 product (-0.50) and has EUR 12.68 left"
  Liabilities:Bar:Members:Merlijn   0.50 EUR     
  Income:Bar                       -0.50 EUR     
  Assets:Inventory:Bar                -1 SNICKERS
  Liabilities:Bar:Members:Merlijn      1 SNICKERS

2017-01-15 balance Liabilities:Bar:Members:Els                     0.30 EUR
  iline: "741"

2017-01-15 txn "els bought 2 products (-4.00) and has EUR -4.30 left"
  Liabilities:Bar:Members:Els   4.00 EUR
  Income:Bar                   -4.00 EUR
  Assets:Inventory:Bar            -2 CM 
  Liabilities:Bar:Members:Els      2 CM 

2017-01-15 txn "els deposited EUR 30.00 and has now EUR 25.70"
  Liabilities:Bar:Members:Els  -30.00 EUR
  Assets:Cash:Bar               30.00 EUR

2017-01-15 txn "els bought 1 product (-1.50) and has EUR 24.20 left"
  Liabilities:Bar:Members:Els   1.50 EUR  
  Income:Bar                   -1.50 EUR  
  Assets:Inventory:Bar            -1 FANTA
  Liabilities:Bar:Members:Els      1 FANTA

2017-01-15 txn "els bought 1 product (-0.50) and has EUR 23.70 left"
  Liabilities:Bar:Members:Els   0.50 EUR 
  Income:Bar                   -0.50 EUR 
  Assets:Inventory:Bar            -1 CHIP
  Liabilities:Bar:Members:Els      1 CHIP

2017-01-15 balance Liabilities:Bar:Members:Koen                    24.40 EUR
  iline: "745"

2017-01-15 txn "Koen bought 3 products (-2.50) and has EUR -26.90 left"
  Liabilities:Bar:Members:Koen   2.50 EUR   
  Income:Bar                    -2.50 EUR   
  Assets:Inventory:Bar             -1 ICETEA
  Liabilities:Bar:Members:Koen      1 ICETEA
  Assets:Inventory:Bar             -2 KITKAT
  Liabilities:Bar:Members:Koen      2 KITKAT

2017-01-17 balance Liabilities:Bar:Members:Thijs                   -36.65 EUR
  iline: "747"

2017-01-17 txn "thijs bought 1 product (-0.50) and has EUR 36.15 left"
  Liabilities:Bar:Members:Thijs   0.50 EUR   
  Income:Bar                     -0.50 EUR   
  Assets:Inventory:Bar              -1 KITKAT
  Liabilities:Bar:Members:Thijs      1 KITKAT

2017-01-18 balance Liabilities:Bar:Members:Thijs                   -36.15 EUR
  iline: "748"
2017-01-18 balance Liabilities:Bar:Members:Bloemist                1.10 EUR
  iline: "748"

2017-01-18 txn "thijs bought 1 product (-7.00) and has EUR 29.15 left"
  Liabilities:Bar:Members:Bloemist  -5.00 EUR    
  Liabilities:Bar:Members:Thijs      7.00 EUR    
  Income:Bar                        -2.00 EUR    
  Assets:Inventory:Bar                 -1 JOYLENT
  Liabilities:Bar:Members:Thijs         1 JOYLENT

2017-01-18 balance Liabilities:Bar:Members:Joris                   0.50 EUR
  iline: "749"

2017-01-18 txn "joris bought 1 product (-2.00) and has EUR -2.50 left"
  Liabilities:Bar:Members:Joris   2.00 EUR  
  Income:Bar                     -2.00 EUR  
  Assets:Inventory:Bar              -1 DUVEL
  Liabilities:Bar:Members:Joris      1 DUVEL

2017-01-18 balance Liabilities:Bar:Members:Koen                    26.90 EUR
  iline: "750"

2017-01-18 txn "Koen bought 2 products (-2.00) and has EUR -28.90 left"
  Liabilities:Bar:Members:Koen   2.00 EUR    
  Income:Bar                    -2.00 EUR    
  Assets:Inventory:Bar             -1 JUPILER
  Liabilities:Bar:Members:Koen      1 JUPILER
  Assets:Inventory:Bar             -1 KITKAT 
  Liabilities:Bar:Members:Koen      1 KITKAT 

2017-01-18 txn "joris deposited EUR 10.00 and has now EUR 7.50"
  Liabilities:Bar:Members:Joris  -10.00 EUR
  Assets:Cash:Bar                 10.00 EUR

2017-01-18 txn "joris bought 1 product (-0.50) and has EUR 7.00 left"
  Liabilities:Bar:Members:Joris   0.50 EUR   
  Income:Bar                     -0.50 EUR   
  Assets:Inventory:Bar              -1 KITKAT
  Liabilities:Bar:Members:Joris      1 KITKAT

2017-01-18 txn "Koen bought 1 product (-1.50) and has EUR -30.40 left"
  Liabilities:Bar:Members:Koen   1.50 EUR   
  Income:Bar                    -1.50 EUR   
  Assets:Inventory:Bar             -1 ICETEA
  Liabilities:Bar:Members:Koen      1 ICETEA

2017-01-18 txn "joris bought 1 product (-0.50) and has EUR 6.50 left"
  Liabilities:Bar:Members:Joris   0.50 EUR   
  Income:Bar                     -0.50 EUR   
  Assets:Inventory:Bar              -1 KITKAT
  Liabilities:Bar:Members:Joris      1 KITKAT

2017-01-18 balance Liabilities:Bar:Members:Bart                    -19.48 EUR
  iline: "755"

2017-01-18 txn "bart bought 1 product (-1.50) and has EUR 17.98 left"
  Liabilities:Bar:Members:Bart   1.50 EUR    
  Income:Bar                    -1.50 EUR    
  Assets:Inventory:Bar             -1 JUPILER
  Liabilities:Bar:Members:Bart      1 JUPILER

2017-01-18 txn "thijs bought 2 products (-2.00) and has EUR 27.15 left"
  Liabilities:Bar:Members:Thijs   2.00 EUR    
  Income:Bar                     -2.00 EUR    
  Assets:Inventory:Bar              -1 KITKAT 
  Liabilities:Bar:Members:Thijs      1 KITKAT 
  Assets:Inventory:Bar              -1 JUPILER
  Liabilities:Bar:Members:Thijs      1 JUPILER

2017-01-19 balance Liabilities:Bar:Members:Ewaut                   -11.50 EUR
  iline: "758"

2017-01-19 txn "ewaut bought 1 product (-1.50) and has EUR 10.00 left"
  Liabilities:Bar:Members:Ewaut   1.50 EUR   
  Income:Bar                     -1.50 EUR   
  Assets:Inventory:Bar              -1 ICETEA
  Liabilities:Bar:Members:Ewaut      1 ICETEA

2017-01-19 balance Liabilities:Bar:Members:Enzian                  -4.50 EUR
  iline: "760"

2017-01-19 txn "gillesj bought 1 product (-2.00) and has EUR 2.50 left"
  Liabilities:Bar:Members:Enzian   2.00 EUR
  Income:Bar                      -2.00 EUR
  Assets:Inventory:Bar               -1 CM 
  Liabilities:Bar:Members:Enzian      1 CM 

2017-01-19 balance Liabilities:Bar:Members:Elvis                   -21.00 EUR
  iline: "761"

2017-01-19 txn "elvis bought 1 product (-1.50) and has EUR 19.50 left"
  Liabilities:Bar:Members:Elvis   1.50 EUR  
  Income:Bar                     -1.50 EUR  
  Assets:Inventory:Bar              -1 FANTA
  Liabilities:Bar:Members:Elvis      1 FANTA

2017-01-19 balance Liabilities:Bar:Members:Bloemist                -3.90 EUR
  iline: "762"

2017-01-19 txn "Bloemist bought 1 product (-2.00) and has EUR 1.90 left"
  Liabilities:Bar:Members:Bloemist   2.00 EUR
  Income:Bar                        -2.00 EUR
  Assets:Inventory:Bar                 -1 CM 
  Liabilities:Bar:Members:Bloemist      1 CM 

2017-01-19 balance Liabilities:Bar:Members:Bart                    -17.98 EUR
  iline: "764"

2017-01-19 txn "bart bought 2 products (-3.00) and has EUR 14.98 left"
  Liabilities:Bar:Members:Bart   3.00 EUR    
  Income:Bar                    -3.00 EUR    
  Assets:Inventory:Bar             -2 JUPILER
  Liabilities:Bar:Members:Bart      2 JUPILER

2017-01-19 txn "gillesj bought 1 product (-1.50) and has EUR 1.00 left"
  Liabilities:Bar:Members:Enzian   1.50 EUR    
  Income:Bar                      -1.50 EUR    
  Assets:Inventory:Bar               -1 JUPILER
  Liabilities:Bar:Members:Enzian      1 JUPILER

2017-01-19 balance Liabilities:Bar:Members:Bert                    -18.20 EUR
  iline: "768"

2017-01-19 txn "Bert bought 1 product (-1.50) and has EUR 16.70 left"
  Liabilities:Bar:Members:Bert   1.50 EUR    
  Income:Bar                    -1.50 EUR    
  Assets:Inventory:Bar             -1 JUPILER
  Liabilities:Bar:Members:Bert      1 JUPILER

2017-01-19 txn "Bloemist bought 1 product (-0.50) and has EUR 1.40 left"
  Liabilities:Bar:Members:Bloemist   0.50 EUR 
  Income:Bar                        -0.50 EUR 
  Assets:Inventory:Bar                 -1 MARS
  Liabilities:Bar:Members:Bloemist      1 MARS

2017-01-19 balance Liabilities:Bar:Members:Thijs                   -27.15 EUR
  iline: "770"

2017-01-19 txn "thijs bought 1 product (-1.50) and has EUR 25.65 left"
  Liabilities:Bar:Members:Thijs   1.50 EUR    
  Income:Bar                     -1.50 EUR    
  Assets:Inventory:Bar              -1 JUPILER
  Liabilities:Bar:Members:Thijs      1 JUPILER

2017-01-19 txn "gillesj bought 1 product (-1.50) and has EUR -0.50 left"
  Liabilities:Bar:Members:Enzian   1.50 EUR    
  Income:Bar                      -1.50 EUR    
  Assets:Inventory:Bar               -1 JUPILER
  Liabilities:Bar:Members:Enzian      1 JUPILER

2017-01-19 balance Liabilities:Bar:Members:Koen                    30.40 EUR
  iline: "774"

2017-01-19 txn "Koen bought 1 product (-0.50) and has EUR -30.90 left"
  Liabilities:Bar:Members:Koen   0.50 EUR   
  Income:Bar                    -0.50 EUR   
  Assets:Inventory:Bar             -1 KITKAT
  Liabilities:Bar:Members:Koen      1 KITKAT

2017-01-19 balance Liabilities:Bar:Members:Merlijn                 -12.68 EUR
  iline: "775"

2017-01-19 txn "Merlijn bought 1 product (-1.50) and has EUR 11.18 left"
  Liabilities:Bar:Members:Merlijn   1.50 EUR   
  Income:Bar                       -1.50 EUR   
  Assets:Inventory:Bar                -1 ICETEA
  Liabilities:Bar:Members:Merlijn      1 ICETEA

2017-01-19 balance Liabilities:Bar:Members:Sasja                   -41.50 EUR
  iline: "776"

2017-01-19 txn "sasja bought 1 product (-0.50) and has EUR 41.00 left"
  Liabilities:Bar:Members:Sasja   0.50 EUR 
  Income:Bar                     -0.50 EUR 
  Assets:Inventory:Bar              -1 CHIP
  Liabilities:Bar:Members:Sasja      1 CHIP

2017-01-19 txn "Merlijn bought 1 product (-0.50) and has EUR 10.68 left"
  Liabilities:Bar:Members:Merlijn   0.50 EUR     
  Income:Bar                       -0.50 EUR     
  Assets:Inventory:Bar                -1 SNICKERS
  Liabilities:Bar:Members:Merlijn      1 SNICKERS

2017-01-19 txn "Bert bought 1 product (-1.50) and has EUR 15.20 left"
  Liabilities:Bar:Members:Bert   1.50 EUR   
  Income:Bar                    -1.50 EUR   
  Assets:Inventory:Bar             -1 ICETEA
  Liabilities:Bar:Members:Bert      1 ICETEA

2017-01-19 txn "Koen bought 1 product (-1.50) and has EUR -32.40 left"
  Liabilities:Bar:Members:Koen   1.50 EUR    
  Income:Bar                    -1.50 EUR    
  Assets:Inventory:Bar             -1 JUPILER
  Liabilities:Bar:Members:Koen      1 JUPILER

2017-01-19 txn "Bloemist bought 1 product (-0.50) and has EUR 0.90 left"
  Liabilities:Bar:Members:Bloemist   0.50 EUR 
  Income:Bar                        -0.50 EUR 
  Assets:Inventory:Bar                 -1 CHIP
  Liabilities:Bar:Members:Bloemist      1 CHIP

2017-01-19 txn "Bert bought 1 product (-0.50) and has EUR 14.70 left"
  Liabilities:Bar:Members:Bert   0.50 EUR   
  Income:Bar                    -0.50 EUR   
  Assets:Inventory:Bar             -1 KITKAT
  Liabilities:Bar:Members:Bert      1 KITKAT

2017-01-19 txn "Koen bought 1 product (-0.50) and has EUR -32.90 left"
  Liabilities:Bar:Members:Koen   0.50 EUR 
  Income:Bar                    -0.50 EUR 
  Assets:Inventory:Bar             -1 CHIP
  Liabilities:Bar:Members:Koen      1 CHIP

2017-01-19 balance Liabilities:Bar:Members:Superpumpie             -9.00 EUR
  iline: "784"

2017-01-19 txn "Tom bought 1 product (-1.50) and has EUR 7.50 left"
  Liabilities:Bar:Members:Superpumpie   1.50 EUR  
  Income:Bar                           -1.50 EUR  
  Assets:Inventory:Bar                    -1 FANTA
  Liabilities:Bar:Members:Superpumpie      1 FANTA

2017-01-19 txn "Koen bought 1 product (-1.50) and has EUR -34.40 left"
  Liabilities:Bar:Members:Koen   1.50 EUR   
  Income:Bar                    -1.50 EUR   
  Assets:Inventory:Bar             -1 ICETEA
  Liabilities:Bar:Members:Koen      1 ICETEA

2017-01-19 txn "Bloemist bought 1 product (-0.50) and has EUR 0.40 left"
  Liabilities:Bar:Members:Bloemist   0.50 EUR 
  Income:Bar                        -0.50 EUR 
  Assets:Inventory:Bar                 -1 CHIP
  Liabilities:Bar:Members:Bloemist      1 CHIP

2017-01-19 txn "Bert bought 1 product (-2.00) and has EUR 12.70 left"
  Liabilities:Bar:Members:Bert   2.00 EUR
  Income:Bar                    -2.00 EUR
  Assets:Inventory:Bar             -1 CM 
  Liabilities:Bar:Members:Bert      1 CM 

2017-01-19 txn "ewaut bought 1 product (-0.50) and has EUR 9.50 left"
  Liabilities:Bar:Members:Ewaut   0.50 EUR     
  Income:Bar                     -0.50 EUR     
  Assets:Inventory:Bar              -1 SNICKERS
  Liabilities:Bar:Members:Ewaut      1 SNICKERS

2017-01-19 txn "Bloemist bought 1 product (-0.50) and has EUR -0.10 left"
  Liabilities:Bar:Members:Bloemist   0.50 EUR   
  Income:Bar                        -0.50 EUR   
  Assets:Inventory:Bar                 -1 KITKAT
  Liabilities:Bar:Members:Bloemist      1 KITKAT

2017-01-19 txn "Bloemist bought 1 product (-0.50) and has EUR -0.60 left"
  Liabilities:Bar:Members:Bloemist   0.50 EUR 
  Income:Bar                        -0.50 EUR 
  Assets:Inventory:Bar                 -1 CHIP
  Liabilities:Bar:Members:Bloemist      1 CHIP

2017-01-20 balance Liabilities:Bar:Members:Bloemist                0.60 EUR
  iline: "792"

2017-01-20 txn "Bloemist bought 1 product (-0.50) and has EUR -1.10 left"
  Liabilities:Bar:Members:Bloemist   0.50 EUR 
  Income:Bar                        -0.50 EUR 
  Assets:Inventory:Bar                 -1 MARS
  Liabilities:Bar:Members:Bloemist      1 MARS

2017-01-20 txn "Bloemist bought 1 product (-0.50) and has EUR -1.60 left"
  Liabilities:Bar:Members:Bloemist   0.50 EUR 
  Income:Bar                        -0.50 EUR 
  Assets:Inventory:Bar                 -1 MARS
  Liabilities:Bar:Members:Bloemist      1 MARS

2017-01-24 balance Liabilities:Bar:Members:Bloemist                1.60 EUR
  iline: "794"

2017-01-24 txn "Bloemist bought 1 product (-2.00) and has EUR -3.60 left"
  Liabilities:Bar:Members:Bloemist   2.00 EUR
  Income:Bar                        -2.00 EUR
  Assets:Inventory:Bar                 -1 CM 
  Liabilities:Bar:Members:Bloemist      1 CM 

2017-01-24 balance Liabilities:Bar:Members:Koen                    34.40 EUR
  iline: "795"

2017-01-24 txn "Koen bought 1 product (-1.50) and has EUR -35.90 left"
  Liabilities:Bar:Members:Koen   1.50 EUR    
  Income:Bar                    -1.50 EUR    
  Assets:Inventory:Bar             -1 JUPILER
  Liabilities:Bar:Members:Koen      1 JUPILER

2017-01-24 balance Liabilities:Bar:Members:Joris                   -6.50 EUR
  iline: "796"

2017-01-24 txn "joris bought 2 products (-2.00) and has EUR 4.50 left"
  Liabilities:Bar:Members:Joris   2.00 EUR   
  Income:Bar                     -2.00 EUR   
  Assets:Inventory:Bar              -1 COKE  
  Liabilities:Bar:Members:Joris      1 COKE  
  Assets:Inventory:Bar              -1 KITKAT
  Liabilities:Bar:Members:Joris      1 KITKAT

2017-01-24 txn "Koen bought 1 product (-1.50) and has EUR -37.40 left"
  Liabilities:Bar:Members:Koen   1.50 EUR    
  Income:Bar                    -1.50 EUR    
  Assets:Inventory:Bar             -1 JUPILER
  Liabilities:Bar:Members:Koen      1 JUPILER

2017-01-24 txn "Koen bought 1 product (-0.50) and has EUR -37.90 left"
  Liabilities:Bar:Members:Koen   0.50 EUR   
  Income:Bar                    -0.50 EUR   
  Assets:Inventory:Bar             -1 KITKAT
  Liabilities:Bar:Members:Koen      1 KITKAT

2017-01-24 txn "Bloemist bought 1 product (-0.50) and has EUR -4.10 left"
  Liabilities:Bar:Members:Bloemist   0.50 EUR   
  Income:Bar                        -0.50 EUR   
  Assets:Inventory:Bar                 -1 KITKAT
  Liabilities:Bar:Members:Bloemist      1 KITKAT

2017-01-24 balance Liabilities:Bar:Members:Bart                    -14.98 EUR
  iline: "800"

2017-01-24 txn "bart bought 1 product (-1.50) and has EUR 13.48 left"
  Liabilities:Bar:Members:Bart   1.50 EUR    
  Income:Bar                    -1.50 EUR    
  Assets:Inventory:Bar             -1 JUPILER
  Liabilities:Bar:Members:Bart      1 JUPILER

2017-01-24 txn "Bloemist bought 1 product (-0.50) and has EUR -4.60 left"
  Liabilities:Bar:Members:Bloemist   0.50 EUR   
  Income:Bar                        -0.50 EUR   
  Assets:Inventory:Bar                 -1 KITKAT
  Liabilities:Bar:Members:Bloemist      1 KITKAT

2017-01-24 txn "Bloemist bought 1 product (-0.50) and has EUR -5.10 left"
  Liabilities:Bar:Members:Bloemist   0.50 EUR 
  Income:Bar                        -0.50 EUR 
  Assets:Inventory:Bar                 -1 CHIP
  Liabilities:Bar:Members:Bloemist      1 CHIP

2017-01-24 txn "bart bought 1 product (-1.50) and has EUR 11.98 left"
  Liabilities:Bar:Members:Bart   1.50 EUR  
  Income:Bar                    -1.50 EUR  
  Assets:Inventory:Bar             -1 FANTA
  Liabilities:Bar:Members:Bart      1 FANTA

2017-01-24 txn "Bloemist bought 2 products (-2.50) and has EUR -7.60 left"
  Liabilities:Bar:Members:Bloemist   2.50 EUR 
  Income:Bar                        -2.50 EUR 
  Assets:Inventory:Bar                 -1 CM  
  Liabilities:Bar:Members:Bloemist      1 CM  
  Assets:Inventory:Bar                 -1 CHIP
  Liabilities:Bar:Members:Bloemist      1 CHIP

2017-01-24 txn "Koen bought 2 products (-2.50) and has EUR -40.40 left"
  Liabilities:Bar:Members:Koen   2.50 EUR 
  Income:Bar                    -2.50 EUR 
  Assets:Inventory:Bar             -1 CM  
  Liabilities:Bar:Members:Koen      1 CM  
  Assets:Inventory:Bar             -1 CHIP
  Liabilities:Bar:Members:Koen      1 CHIP

2017-01-24 txn "bart bought 2 products (-2.50) and has EUR 9.48 left"
  Liabilities:Bar:Members:Bart   2.50 EUR 
  Income:Bar                    -2.50 EUR 
  Assets:Inventory:Bar             -1 CM  
  Liabilities:Bar:Members:Bart      1 CM  
  Assets:Inventory:Bar             -1 CHIP
  Liabilities:Bar:Members:Bart      1 CHIP

2017-01-25 balance Liabilities:Bar:Members:Thijs                   -25.65 EUR
  iline: "807"

2017-01-25 txn "thijs bought 1 product (-1.50) and has EUR 24.15 left"
  Liabilities:Bar:Members:Thijs   1.50 EUR    
  Income:Bar                     -1.50 EUR    
  Assets:Inventory:Bar              -1 JUPILER
  Liabilities:Bar:Members:Thijs      1 JUPILER

2017-01-25 balance Liabilities:Bar:Members:Koen                    40.40 EUR
  iline: "808"

2017-01-25 txn "Koen bought 2 products (-5.00) and has EUR -45.40 left"
  Liabilities:Bar:Members:Koen   5.00 EUR  
  Income:Bar                    -5.00 EUR  
  Assets:Inventory:Bar             -2 GUINS
  Liabilities:Bar:Members:Koen      2 GUINS

2017-01-25 balance Liabilities:Bar:Members:Bloemist                7.60 EUR
  iline: "809"

2017-01-25 txn "Bloemist bought 1 product (-2.50) and has EUR -10.10 left"
  Liabilities:Bar:Members:Bloemist   2.50 EUR  
  Income:Bar                        -2.50 EUR  
  Assets:Inventory:Bar                 -1 GUINS
  Liabilities:Bar:Members:Bloemist      1 GUINS

2017-01-25 balance Liabilities:Bar:Members:Elvis                   -19.50 EUR
  iline: "810"

2017-01-25 txn "elvis bought 1 product (-0.50) and has EUR 19.00 left"
  Liabilities:Bar:Members:Elvis   0.50 EUR   
  Income:Bar                     -0.50 EUR   
  Assets:Inventory:Bar              -1 KITKAT
  Liabilities:Bar:Members:Elvis      1 KITKAT

2017-01-25 txn "Bloemist bought 1 product (-0.50) and has EUR -10.60 left"
  Liabilities:Bar:Members:Bloemist   0.50 EUR   
  Income:Bar                        -0.50 EUR   
  Assets:Inventory:Bar                 -1 KITKAT
  Liabilities:Bar:Members:Bloemist      1 KITKAT

2017-01-25 txn "Bloemist bought 1 product (-0.50) and has EUR -11.10 left"
  Liabilities:Bar:Members:Bloemist   0.50 EUR 
  Income:Bar                        -0.50 EUR 
  Assets:Inventory:Bar                 -1 CHIP
  Liabilities:Bar:Members:Bloemist      1 CHIP

2017-01-25 txn "elvis bought 1 product (-1.50) and has EUR 17.50 left"
  Liabilities:Bar:Members:Elvis   1.50 EUR 
  Income:Bar                     -1.50 EUR 
  Assets:Inventory:Bar              -1 COKE
  Liabilities:Bar:Members:Elvis      1 COKE

2017-01-26 balance Liabilities:Bar:Members:Bloemist                11.10 EUR
  iline: "814"

2017-01-26 txn "Bloemist bought 1 product (-0.50) and has EUR -11.60 left"
  Liabilities:Bar:Members:Bloemist   0.50 EUR   
  Income:Bar                        -0.50 EUR   
  Assets:Inventory:Bar                 -1 KITKAT
  Liabilities:Bar:Members:Bloemist      1 KITKAT

2017-01-26 balance Liabilities:Bar:Members:Elvis                   -17.50 EUR
  iline: "815"

2017-01-26 txn "elvis bought 1 product (-0.50) and has EUR 17.00 left"
  Liabilities:Bar:Members:Elvis   0.50 EUR   
  Income:Bar                     -0.50 EUR   
  Assets:Inventory:Bar              -1 KITKAT
  Liabilities:Bar:Members:Elvis      1 KITKAT

2017-01-26 txn "Bloemist bought 2 products (-4.00) and has EUR -15.60 left"
  Liabilities:Bar:Members:Bloemist   4.00 EUR
  Income:Bar                        -4.00 EUR
  Assets:Inventory:Bar                 -2 CM 
  Liabilities:Bar:Members:Bloemist      2 CM 

2017-01-26 balance Liabilities:Bar:Members:Els                     -23.70 EUR
  iline: "817"

2017-01-26 txn "els bought 1 product (-1.50) and has EUR 22.20 left"
  Liabilities:Bar:Members:Els   1.50 EUR  
  Income:Bar                   -1.50 EUR  
  Assets:Inventory:Bar            -1 FANTA
  Liabilities:Bar:Members:Els      1 FANTA

2017-01-26 txn "els bought 2 products (-14.00) and has EUR 8.20 left"
  Liabilities:Bar:Members:Bloemist  -5.00 EUR    
  Liabilities:Bar:Members:Els       14.00 EUR    
  Income:Bar                        -9.00 EUR    
  Assets:Inventory:Bar                 -2 JOYLENT
  Liabilities:Bar:Members:Els           2 JOYLENT

2017-01-26 txn "els bought 1 product (-0.50) and has EUR 7.70 left"
  Liabilities:Bar:Members:Els   0.50 EUR   
  Income:Bar                   -0.50 EUR   
  Assets:Inventory:Bar            -1 KITKAT
  Liabilities:Bar:Members:Els      1 KITKAT

2017-01-26 txn "els bought 2 products (-2.00) and has EUR 5.70 left"
  Liabilities:Bar:Members:Els   2.00 EUR   
  Income:Bar                   -2.00 EUR   
  Assets:Inventory:Bar            -1 KITKAT
  Liabilities:Bar:Members:Els      1 KITKAT
  Assets:Inventory:Bar            -1 COKE  
  Liabilities:Bar:Members:Els      1 COKE  

2017-01-26 txn "Bloemist bought 1 product (-0.50) and has EUR -11.10 left"
  Liabilities:Bar:Members:Bloemist   0.50 EUR   
  Income:Bar                        -0.50 EUR   
  Assets:Inventory:Bar                 -1 KITKAT
  Liabilities:Bar:Members:Bloemist      1 KITKAT

2017-01-26 balance Liabilities:Bar:Members:Joris                   -4.50 EUR
  iline: "822"

2017-01-26 txn "joris bought 1 product (-2.00) and has EUR 2.50 left"
  Liabilities:Bar:Members:Joris   2.00 EUR  
  Income:Bar                     -2.00 EUR  
  Assets:Inventory:Bar              -1 DUVEL
  Liabilities:Bar:Members:Joris      1 DUVEL

2017-01-26 txn "els bought 2 products (-2.00) and has EUR 3.70 left"
  Liabilities:Bar:Members:Els   2.00 EUR     
  Income:Bar                   -2.00 EUR     
  Assets:Inventory:Bar            -1 FANTA   
  Liabilities:Bar:Members:Els      1 FANTA   
  Assets:Inventory:Bar            -1 SNICKERS
  Liabilities:Bar:Members:Els      1 SNICKERS

2017-01-26 txn "Bloemist bought 1 product (-1.50) and has EUR -12.60 left"
  Liabilities:Bar:Members:Bloemist   1.50 EUR  
  Income:Bar                        -1.50 EUR  
  Assets:Inventory:Bar                 -1 FANTA
  Liabilities:Bar:Members:Bloemist      1 FANTA

2017-01-26 balance Liabilities:Bar:Members:Ewaut                   -9.50 EUR
  iline: "825"

2017-01-26 txn "ewaut bought 4 products (-23.00) and has EUR -13.50 left"
  Liabilities:Bar:Members:Ewaut   23.00 EUR    
  Income:Bar                     -23.00 EUR    
  Assets:Inventory:Bar               -3 JOYLENT
  Liabilities:Bar:Members:Ewaut       3 JOYLENT
  Assets:Inventory:Bar               -1 CM     
  Liabilities:Bar:Members:Ewaut       1 CM     

2017-01-26 txn "ewaut deposited EUR 20.00 and has now EUR 6.50"
  Liabilities:Bar:Members:Ewaut  -20.00 EUR
  Assets:Cash:Bar                 20.00 EUR

2017-01-26 txn "els bought 1 product (-2.00) and has EUR 1.70 left"
  Liabilities:Bar:Members:Els   2.00 EUR  
  Income:Bar                   -2.00 EUR  
  Assets:Inventory:Bar            -1 DUVEL
  Liabilities:Bar:Members:Els      1 DUVEL

2017-01-26 balance Liabilities:Bar:Members:Joren                   -7.60 EUR
  iline: "892"

2017-01-26 txn "Joren bought 1 product (-2.00) and has EUR 5.60 left"
  Liabilities:Bar:Members:Joren   2.00 EUR  
  Income:Bar                     -2.00 EUR  
  Assets:Inventory:Bar              -1 DUVEL
  Liabilities:Bar:Members:Joren      1 DUVEL

2017-01-26 txn "ewaut bought 1 product (-2.50) and has EUR 4.00 left"
  Liabilities:Bar:Members:Ewaut   2.50 EUR  
  Income:Bar                     -2.50 EUR  
  Assets:Inventory:Bar              -1 GUINS
  Liabilities:Bar:Members:Ewaut      1 GUINS

2017-01-26 txn "Joren bought 1 product (-2.00) and has EUR 3.60 left"
  Liabilities:Bar:Members:Joren   2.00 EUR  
  Income:Bar                     -2.00 EUR  
  Assets:Inventory:Bar              -1 DUVEL
  Liabilities:Bar:Members:Joren      1 DUVEL

2017-01-26 balance Liabilities:Bar:Members:Sasja                   -41.00 EUR
  iline: "896"

2017-01-26 txn "sasja bought 1 product (-1.50) and has EUR 39.50 left"
  Liabilities:Bar:Members:Sasja   1.50 EUR  
  Income:Bar                     -1.50 EUR  
  Assets:Inventory:Bar              -1 FANTA
  Liabilities:Bar:Members:Sasja      1 FANTA

2017-01-26 balance Liabilities:Bar:Members:Merlijn                 -10.68 EUR
  iline: "897"

2017-01-26 txn "Merlijn bought 4 products (-28.00) and has EUR -17.32 left"
  Liabilities:Bar:Members:Bloemist   -5.00 EUR    
  Liabilities:Bar:Members:Merlijn    28.00 EUR    
  Income:Bar                        -23.00 EUR    
  Assets:Inventory:Bar                  -4 JOYLENT
  Liabilities:Bar:Members:Merlijn        4 JOYLENT

2017-01-26 txn "elvis bought 1 product (-1.50) and has EUR 15.50 left"
  Liabilities:Bar:Members:Elvis   1.50 EUR 
  Income:Bar                     -1.50 EUR 
  Assets:Inventory:Bar              -1 COKE
  Liabilities:Bar:Members:Elvis      1 COKE

2017-01-26 txn "elvis bought 1 product (-0.50) and has EUR 15.00 left"
  Liabilities:Bar:Members:Elvis   0.50 EUR 
  Income:Bar                     -0.50 EUR 
  Assets:Inventory:Bar              -1 MARS
  Liabilities:Bar:Members:Elvis      1 MARS

2017-01-26 txn "Joren bought 1 product (-0.50) and has EUR 3.10 left"
  Liabilities:Bar:Members:Joren   0.50 EUR     
  Income:Bar                     -0.50 EUR     
  Assets:Inventory:Bar              -1 SNICKERS
  Liabilities:Bar:Members:Joren      1 SNICKERS

2017-01-26 txn "joris bought 2 products (-2.50) and has EUR 0.00 left"
  Liabilities:Bar:Members:Joris   2.50 EUR     
  Income:Bar                     -2.50 EUR     
  Assets:Inventory:Bar              -1 LEFFE   
  Liabilities:Bar:Members:Joris      1 LEFFE   
  Assets:Inventory:Bar              -1 SNICKERS
  Liabilities:Bar:Members:Joris      1 SNICKERS

2017-01-26 txn "Merlijn bought 1 product (-1.50) and has EUR -18.82 left"
  Liabilities:Bar:Members:Merlijn   1.50 EUR  
  Income:Bar                       -1.50 EUR  
  Assets:Inventory:Bar                -1 FANTA
  Liabilities:Bar:Members:Merlijn      1 FANTA

2017-01-26 txn "Merlijn bought 1 product (-0.50) and has EUR -19.32 left"
  Liabilities:Bar:Members:Merlijn   0.50 EUR     
  Income:Bar                       -0.50 EUR     
  Assets:Inventory:Bar                -1 SNICKERS
  Liabilities:Bar:Members:Merlijn      1 SNICKERS

2017-01-26 txn "ewaut bought 1 product (-2.00) and has EUR 2.00 left"
  Liabilities:Bar:Members:Ewaut   2.00 EUR
  Income:Bar                     -2.00 EUR
  Assets:Inventory:Bar              -1 CM 
  Liabilities:Bar:Members:Ewaut      1 CM 

2017-01-26 txn "Joren bought 1 product (-2.00) and has EUR 1.10 left"
  Liabilities:Bar:Members:Joren   2.00 EUR  
  Income:Bar                     -2.00 EUR  
  Assets:Inventory:Bar              -1 DUVEL
  Liabilities:Bar:Members:Joren      1 DUVEL

2017-01-27 balance Liabilities:Bar:Members:Bloemist                7.60 EUR
  iline: "906"

2017-01-27 txn "Bloemist bought 1 product (-1.50) and has EUR -9.10 left"
  Liabilities:Bar:Members:Bloemist   1.50 EUR  
  Income:Bar                        -1.50 EUR  
  Assets:Inventory:Bar                 -1 FANTA
  Liabilities:Bar:Members:Bloemist      1 FANTA

2017-01-27 txn "Bloemist bought 1 product (-0.50) and has EUR -9.60 left"
  Liabilities:Bar:Members:Bloemist   0.50 EUR 
  Income:Bar                        -0.50 EUR 
  Assets:Inventory:Bar                 -1 MARS
  Liabilities:Bar:Members:Bloemist      1 MARS

2017-01-31 balance Liabilities:Bar:Members:Bloemist                9.60 EUR
  iline: "908"

2017-01-31 txn "Bloemist bought 2 products (-2.00) and has EUR -11.60 left"
  Liabilities:Bar:Members:Bloemist   2.00 EUR  
  Income:Bar                        -2.00 EUR  
  Assets:Inventory:Bar                 -1 FANTA
  Liabilities:Bar:Members:Bloemist      1 FANTA
  Assets:Inventory:Bar                 -1 CHIP 
  Liabilities:Bar:Members:Bloemist      1 CHIP 

2017-01-31 txn "Bloemist bought 1 product (-0.50) and has EUR -12.10 left"
  Liabilities:Bar:Members:Bloemist   0.50 EUR 
  Income:Bar                        -0.50 EUR 
  Assets:Inventory:Bar                 -1 CHIP
  Liabilities:Bar:Members:Bloemist      1 CHIP

2017-01-31 txn "Bloemist bought 1 product (-1.50) and has EUR -13.60 left"
  Liabilities:Bar:Members:Bloemist   1.50 EUR 
  Income:Bar                        -1.50 EUR 
  Assets:Inventory:Bar                 -1 COKE
  Liabilities:Bar:Members:Bloemist      1 COKE

2017-02-01 balance Liabilities:Bar:Members:Thijs                   -24.15 EUR
  iline: "911"

2017-02-01 txn "thijs bought 1 product (-2.00) and has EUR 22.15 left"
  Liabilities:Bar:Members:Thijs   2.00 EUR
  Income:Bar                     -2.00 EUR
  Assets:Inventory:Bar              -1 CM 
  Liabilities:Bar:Members:Thijs      1 CM 

2017-02-01 balance Liabilities:Bar:Members:Koen                    45.40 EUR
  iline: "912"

2017-02-01 txn "Koen bought 1 product (-2.00) and has EUR -47.40 left"
  Liabilities:Bar:Members:Koen   2.00 EUR  
  Income:Bar                    -2.00 EUR  
  Assets:Inventory:Bar             -1 DUVEL
  Liabilities:Bar:Members:Koen      1 DUVEL

2017-02-02 balance Liabilities:Bar:Members:Thijs                   -22.15 EUR
  iline: "913"

2017-02-02 txn "thijs bought 1 product (-2.00) and has EUR 20.15 left"
  Liabilities:Bar:Members:Thijs   2.00 EUR
  Income:Bar                     -2.00 EUR
  Assets:Inventory:Bar              -1 CM 
  Liabilities:Bar:Members:Thijs      1 CM 

2017-02-02 balance Liabilities:Bar:Members:Bart                    -9.48 EUR
  iline: "914"

2017-02-02 txn "bart bought 1 product (-2.00) and has EUR 7.48 left"
  Liabilities:Bar:Members:Bart   2.00 EUR
  Income:Bar                    -2.00 EUR
  Assets:Inventory:Bar             -1 CM 
  Liabilities:Bar:Members:Bart      1 CM 

2017-02-02 balance Liabilities:Bar:Members:Joris                   0.00 EUR
  iline: "915"

2017-02-02 txn "joris bought 1 product (-2.00) and has EUR -2.00 left"
  Liabilities:Bar:Members:Joris   2.00 EUR  
  Income:Bar                     -2.00 EUR  
  Assets:Inventory:Bar              -1 DUVEL
  Liabilities:Bar:Members:Joris      1 DUVEL

2017-02-02 balance Liabilities:Bar:Members:Bloemist                13.60 EUR
  iline: "917"

2017-02-02 txn "Bloemist bought 1 product (-1.50) and has EUR -15.10 left"
  Liabilities:Bar:Members:Bloemist   1.50 EUR   
  Income:Bar                        -1.50 EUR   
  Assets:Inventory:Bar                 -1 ICETEA
  Liabilities:Bar:Members:Bloemist      1 ICETEA

2017-02-02 balance Liabilities:Bar:Members:Enzian                  0.50 EUR
  iline: "918"

2017-02-02 txn "gillesj deposited EUR 50.00 and has now EUR 49.50"
  Liabilities:Bar:Members:Enzian  -50.00 EUR
  Assets:Cash:Bar                  50.00 EUR

2017-02-02 balance Liabilities:Bar:Members:Koen                    47.40 EUR
  iline: "920"

2017-02-02 txn "Koen bought 1 product (-0.50) and has EUR -47.90 left"
  Liabilities:Bar:Members:Koen   0.50 EUR 
  Income:Bar                    -0.50 EUR 
  Assets:Inventory:Bar             -1 CHIP
  Liabilities:Bar:Members:Koen      1 CHIP

2017-02-02 txn "Bloemist bought 1 product (-0.50) and has EUR -15.60 left"
  Liabilities:Bar:Members:Bloemist   0.50 EUR   
  Income:Bar                        -0.50 EUR   
  Assets:Inventory:Bar                 -1 KITKAT
  Liabilities:Bar:Members:Bloemist      1 KITKAT

2017-02-02 txn "Koen bought 1 product (-0.50) and has EUR -48.40 left"
  Liabilities:Bar:Members:Koen   0.50 EUR 
  Income:Bar                    -0.50 EUR 
  Assets:Inventory:Bar             -1 CHIP
  Liabilities:Bar:Members:Koen      1 CHIP

2017-02-02 txn "thijs bought 1 product (-0.50) and has EUR 19.65 left"
  Liabilities:Bar:Members:Thijs   0.50 EUR   
  Income:Bar                     -0.50 EUR   
  Assets:Inventory:Bar              -1 KITKAT
  Liabilities:Bar:Members:Thijs      1 KITKAT

2017-02-02 txn "thijs bought 1 product (-1.50) and has EUR 18.15 left"
  Liabilities:Bar:Members:Thijs   1.50 EUR    
  Income:Bar                     -1.50 EUR    
  Assets:Inventory:Bar              -1 JUPILER
  Liabilities:Bar:Members:Thijs      1 JUPILER

2017-02-02 txn "gillesj bought 1 product (-2.00) and has EUR 47.50 left"
  Liabilities:Bar:Members:Enzian   2.00 EUR
  Income:Bar                      -2.00 EUR
  Assets:Inventory:Bar               -1 CM 
  Liabilities:Bar:Members:Enzian      1 CM 

2017-02-02 txn "gillesj bought 1 product (-2.00) and has EUR 45.50 left"
  Liabilities:Bar:Members:Enzian   2.00 EUR
  Income:Bar                      -2.00 EUR
  Assets:Inventory:Bar               -1 CM 
  Liabilities:Bar:Members:Enzian      1 CM 

2017-02-02 txn "Koen bought 1 product (-0.50) and has EUR -48.90 left"
  Liabilities:Bar:Members:Koen   0.50 EUR   
  Income:Bar                    -0.50 EUR   
  Assets:Inventory:Bar             -1 KITKAT
  Liabilities:Bar:Members:Koen      1 KITKAT

2017-02-02 balance Liabilities:Bar:Members:Merlijn                 19.32 EUR
  iline: "929"

2017-02-02 txn "Merlijn bought 1 product (-1.50) and has EUR -20.82 left"
  Liabilities:Bar:Members:Merlijn   1.50 EUR   
  Income:Bar                       -1.50 EUR   
  Assets:Inventory:Bar                -1 ICETEA
  Liabilities:Bar:Members:Merlijn      1 ICETEA

2017-02-02 txn "Koen bought 1 product (-0.50) and has EUR -49.40 left"
  Liabilities:Bar:Members:Koen   0.50 EUR 
  Income:Bar                    -0.50 EUR 
  Assets:Inventory:Bar             -1 CHIP
  Liabilities:Bar:Members:Koen      1 CHIP

2017-02-02 txn "Bloemist bought 1 product (-0.50) and has EUR -16.10 left"
  Liabilities:Bar:Members:Bloemist   0.50 EUR   
  Income:Bar                        -0.50 EUR   
  Assets:Inventory:Bar                 -1 KITKAT
  Liabilities:Bar:Members:Bloemist      1 KITKAT

2017-02-02 balance Liabilities:Bar:Members:Joren                   -1.10 EUR
  iline: "932"

2017-02-02 txn "Joren bought 1 product (-2.00) and has EUR -0.90 left"
  Liabilities:Bar:Members:Joren   2.00 EUR  
  Income:Bar                     -2.00 EUR  
  Assets:Inventory:Bar              -1 DUVEL
  Liabilities:Bar:Members:Joren      1 DUVEL

2017-02-02 txn "Joren deposited EUR 20.00 and has now EUR 19.10"
  Liabilities:Bar:Members:Joren  -20.00 EUR
  Assets:Cash:Bar                 20.00 EUR

2017-02-02 balance Liabilities:Bar:Members:Elvis                   -15.00 EUR
  iline: "934"

2017-02-02 txn "elvis bought 1 product (-1.50) and has EUR 13.50 left"
  Liabilities:Bar:Members:Elvis   1.50 EUR  
  Income:Bar                     -1.50 EUR  
  Assets:Inventory:Bar              -1 FANTA
  Liabilities:Bar:Members:Elvis      1 FANTA

2017-02-02 txn "Merlijn bought 1 product (-0.50) and has EUR -21.32 left"
  Liabilities:Bar:Members:Merlijn   0.50 EUR     
  Income:Bar                       -0.50 EUR     
  Assets:Inventory:Bar                -1 SNICKERS
  Liabilities:Bar:Members:Merlijn      1 SNICKERS

2017-02-02 balance Liabilities:Bar:Members:Ewaut                   -2.00 EUR
  iline: "936"

2017-02-02 txn "ewaut bought 1 product (-1.50) and has EUR 0.50 left"
  Liabilities:Bar:Members:Ewaut   1.50 EUR   
  Income:Bar                     -1.50 EUR   
  Assets:Inventory:Bar              -1 ICETEA
  Liabilities:Bar:Members:Ewaut      1 ICETEA

2017-02-02 txn "gillesj bought 1 product (-1.50) and has EUR 44.00 left"
  Liabilities:Bar:Members:Enzian   1.50 EUR    
  Income:Bar                      -1.50 EUR    
  Assets:Inventory:Bar               -1 JUPILER
  Liabilities:Bar:Members:Enzian      1 JUPILER

2017-02-02 txn "Merlijn bought 1 product (-1.50) and has EUR -22.82 left"
  Liabilities:Bar:Members:Merlijn   1.50 EUR   
  Income:Bar                       -1.50 EUR   
  Assets:Inventory:Bar                -1 ICETEA
  Liabilities:Bar:Members:Merlijn      1 ICETEA

2017-02-02 balance Liabilities:Bar:Members:Bert                    -12.70 EUR
  iline: "941"

2017-02-02 txn "Bert bought 4 products (-4.50) and has EUR 8.20 left"
  Liabilities:Bar:Members:Bert   4.50 EUR   
  Income:Bar                    -4.50 EUR   
  Assets:Inventory:Bar             -1 CM    
  Liabilities:Bar:Members:Bert      1 CM    
  Assets:Inventory:Bar             -1 ICETEA
  Liabilities:Bar:Members:Bert      1 ICETEA
  Assets:Inventory:Bar             -2 CHIP  
  Liabilities:Bar:Members:Bert      2 CHIP  

2017-02-02 txn "elvis bought 3 products (-2.50) and has EUR 11.00 left"
  Liabilities:Bar:Members:Elvis   2.50 EUR  
  Income:Bar                     -2.50 EUR  
  Assets:Inventory:Bar              -1 FANTA
  Liabilities:Bar:Members:Elvis      1 FANTA
  Assets:Inventory:Bar              -2 MNM  
  Liabilities:Bar:Members:Elvis      2 MNM  

2017-02-02 txn "Koen bought 1 product (-0.50) and has EUR -49.90 left"
  Liabilities:Bar:Members:Koen   0.50 EUR   
  Income:Bar                    -0.50 EUR   
  Assets:Inventory:Bar             -1 KITKAT
  Liabilities:Bar:Members:Koen      1 KITKAT

2017-02-02 txn "Koen bought 1 product (-0.50) and has EUR -50.40 left"
  Liabilities:Bar:Members:Koen   0.50 EUR 
  Income:Bar                    -0.50 EUR 
  Assets:Inventory:Bar             -1 CHIP
  Liabilities:Bar:Members:Koen      1 CHIP

2017-02-02 txn "Joren bought 1 product (-1.50) and has EUR 17.60 left"
  Liabilities:Bar:Members:Joren   1.50 EUR 
  Income:Bar                     -1.50 EUR 
  Assets:Inventory:Bar              -1 COKE
  Liabilities:Bar:Members:Joren      1 COKE

2017-02-02 txn "Joren deposited EUR 1.50 and has now EUR 19.10"
  Liabilities:Bar:Members:Joren  -1.50 EUR
  Assets:Cash:Bar                 1.50 EUR

2017-02-02 txn "Bloemist bought 1 product (-1.50) and has EUR -17.60 left"
  Liabilities:Bar:Members:Bloemist   1.50 EUR    
  Income:Bar                        -1.50 EUR    
  Assets:Inventory:Bar                 -1 JUPILER
  Liabilities:Bar:Members:Bloemist      1 JUPILER

2017-02-02 txn "Bloemist bought 1 product (-2.50) and has EUR -20.10 left"
  Liabilities:Bar:Members:Bloemist   2.50 EUR  
  Income:Bar                        -2.50 EUR  
  Assets:Inventory:Bar                 -1 GUINS
  Liabilities:Bar:Members:Bloemist      1 GUINS

2017-02-02 txn "Koen bought 1 product (-2.50) and has EUR -52.90 left"
  Liabilities:Bar:Members:Koen   2.50 EUR  
  Income:Bar                    -2.50 EUR  
  Assets:Inventory:Bar             -1 GUINS
  Liabilities:Bar:Members:Koen      1 GUINS

2017-02-02 txn "Bert bought 1 product (-2.50) and has EUR 5.70 left"
  Liabilities:Bar:Members:Bert   2.50 EUR  
  Income:Bar                    -2.50 EUR  
  Assets:Inventory:Bar             -1 GUINS
  Liabilities:Bar:Members:Bert      1 GUINS

2017-02-03 balance Liabilities:Bar:Members:Bloemist                20.10 EUR
  iline: "953"

2017-02-03 txn "Bloemist bought 1 product (-1.50) and has EUR -21.60 left"
  Liabilities:Bar:Members:Bloemist   1.50 EUR      
  Income:Bar                        -1.50 EUR      
  Assets:Inventory:Bar                 -1 COKE_ZERO
  Liabilities:Bar:Members:Bloemist      1 COKE_ZERO

2017-02-03 txn "Bloemist bought 1 product (-0.50) and has EUR -22.10 left"
  Liabilities:Bar:Members:Bloemist   0.50 EUR 
  Income:Bar                        -0.50 EUR 
  Assets:Inventory:Bar                 -1 CHIP
  Liabilities:Bar:Members:Bloemist      1 CHIP

2017-02-03 balance Liabilities:Bar:Members:Elvis                   -11.00 EUR
  iline: "955"

2017-02-03 txn "elvis bought 1 product (-1.50) and has EUR 9.50 left"
  Liabilities:Bar:Members:Elvis   1.50 EUR   
  Income:Bar                     -1.50 EUR   
  Assets:Inventory:Bar              -1 ICETEA
  Liabilities:Bar:Members:Elvis      1 ICETEA

2017-02-03 txn "Bloemist bought 1 product (-0.50) and has EUR -22.60 left"
  Liabilities:Bar:Members:Bloemist   0.50 EUR 
  Income:Bar                        -0.50 EUR 
  Assets:Inventory:Bar                 -1 CHIP
  Liabilities:Bar:Members:Bloemist      1 CHIP

