2022-07-21 txn "Bloemist bought 1 items for €1.00"
  timestamp: "2022-07-21 18:37:05.396630"
  type: "purchase"
  Assets:Inventory:Bar                 -1 CHIP
  Liabilities:Bar:Members:Bloemist      1 CHIP
  Liabilities:Bar:Members:Bloemist   1.00 EUR 
  Income:Bar                        -1.00 EUR 

2022-07-21 txn "Bloemist bought 1 items for €2.00"
  timestamp: "2022-07-21 18:38:09.252813"
  type: "purchase"
  Assets:Inventory:Bar                 -1 CM 
  Liabilities:Bar:Members:Bloemist      1 CM 
  Liabilities:Bar:Members:Bloemist   2.00 EUR
  Income:Bar                        -2.00 EUR

2022-07-21 txn "Evils bought 1 items for €1.00"
  timestamp: "2022-07-21 19:10:32.733837"
  type: "purchase"
  Assets:Inventory:Bar              -1 ICE_CREAM
  Liabilities:Bar:Members:Elvis      1 ICE_CREAM
  Liabilities:Bar:Members:Elvis   1.00 EUR      
  Income:Bar                     -1.00 EUR      

2022-07-21 txn "Yvan bought 1 items for €0.60"
  timestamp: "2022-07-21 19:21:05.728095"
  type: "purchase"
  Assets:Inventory:Bar             -1 SNACK
  Liabilities:Bar:Members:Yvan      1 SNACK
  Liabilities:Bar:Members:Yvan   0.60 EUR  
  Income:Bar                    -0.60 EUR  

2022-07-21 txn "Miker gave Evils a gift of €20.00"
  timestamp: "2022-07-21 19:28:20.757990"
  type: "transfer"
  Liabilities:Bar:Members:Miker   20.00 EUR
  Liabilities:Bar:Members:Elvis  -20.00 EUR

2022-07-21 txn "Miker deposited €40.00"
  timestamp: "2022-07-21 19:36:02.992731"
  type: "deposit"
  Liabilities:Bar:Members:Miker  -40.00 EUR
  Assets:Cash:Bar                 40.00 EUR

2022-07-21 txn "Miker bought 1 items for €2.00"
  timestamp: "2022-07-21 19:40:15.965121"
  type: "purchase"
  Assets:Inventory:Bar              -1 CM 
  Liabilities:Bar:Members:Miker      1 CM 
  Liabilities:Bar:Members:Miker   2.00 EUR
  Income:Bar                     -2.00 EUR

2022-07-21 txn "--CASH-- bought 1 items for €1.00"
  timestamp: "2022-07-21 19:59:44.450933"
  type: "purchase"
  Assets:Inventory:Bar     -1 CHIP
  Assets:Cash:Bar           1 CHIP
  Assets:Cash:Bar        1.00 EUR 
  Income:Bar            -1.00 EUR 

2022-07-21 txn "Koen bought 2 items for €2.50"
  timestamp: "2022-07-21 20:22:47.378768"
  type: "purchase"
  Assets:Inventory:Bar             -1 CHIP  
  Liabilities:Bar:Members:Koen      1 CHIP  
  Assets:Inventory:Bar             -1 ICETEA
  Liabilities:Bar:Members:Koen      1 ICETEA
  Liabilities:Bar:Members:Koen   2.50 EUR   
  Income:Bar                    -2.50 EUR   

2022-07-21 txn "Koen deposited €2.50"
  timestamp: "2022-07-21 20:22:55.108549"
  type: "deposit"
  Liabilities:Bar:Members:Koen  -2.50 EUR
  Assets:Cash:Bar                2.50 EUR

2022-07-21 txn "Sander deposited €20.00"
  timestamp: "2022-07-21 20:31:37.142667"
  type: "deposit"
  Liabilities:Bar:Members:Sander  -20.00 EUR
  Assets:Cash:Bar                  20.00 EUR

2022-07-21 txn "Sander bought 1 items for €1.50"
  timestamp: "2022-07-21 20:31:44.311396"
  type: "purchase"
  Assets:Inventory:Bar               -1 COKE
  Liabilities:Bar:Members:Sander      1 COKE
  Liabilities:Bar:Members:Sander   1.50 EUR 
  Income:Bar                      -1.50 EUR 

2022-07-21 txn "Bloemist bought 1 items for €1.00"
  timestamp: "2022-07-21 20:38:12.749991"
  type: "purchase"
  Assets:Inventory:Bar                 -1 CHIP
  Liabilities:Bar:Members:Bloemist      1 CHIP
  Liabilities:Bar:Members:Bloemist   1.00 EUR 
  Income:Bar                        -1.00 EUR 

2022-07-21 txn "Evils bought 1 items for €1.00"
  timestamp: "2022-07-21 21:07:32.282238"
  type: "purchase"
  Assets:Inventory:Bar              -1 CHIP
  Liabilities:Bar:Members:Elvis      1 CHIP
  Liabilities:Bar:Members:Elvis   1.00 EUR 
  Income:Bar                     -1.00 EUR 

2022-07-22 txn "Carro​armato0 bought 1 items for €2.00"
  timestamp: "2022-07-22 17:39:08.254141"
  type: "purchase"
  Assets:Inventory:Bar                     -1 CM 
  Liabilities:Bar:Members:Carroarmato0      1 CM 
  Liabilities:Bar:Members:Carroarmato0   2.00 EUR
  Income:Bar                            -2.00 EUR

2022-07-22 txn "Carro​armato0 bought 1 items for €1.50"
  timestamp: "2022-07-22 17:39:16.359651"
  type: "purchase"
  Assets:Inventory:Bar                     -1 SCHWEPPES
  Liabilities:Bar:Members:Carroarmato0      1 SCHWEPPES
  Liabilities:Bar:Members:Carroarmato0   1.50 EUR      
  Income:Bar                            -1.50 EUR      

2022-07-22 txn "Carro​armato0 bought 2 items for €1.20"
  timestamp: "2022-07-22 17:40:50.822719"
  type: "purchase"
  Assets:Inventory:Bar                     -1 KITKAT
  Liabilities:Bar:Members:Carroarmato0      1 KITKAT
  Assets:Inventory:Bar                     -1 LEO   
  Liabilities:Bar:Members:Carroarmato0      1 LEO   
  Liabilities:Bar:Members:Carroarmato0   1.20 EUR   
  Income:Bar                            -1.20 EUR   

2022-07-22 txn "Carro​armato0 bought 1 items for €1.50"
  timestamp: "2022-07-22 17:43:29.622835"
  type: "purchase"
  Assets:Inventory:Bar                     -1 ICETEA
  Liabilities:Bar:Members:Carroarmato0      1 ICETEA
  Liabilities:Bar:Members:Carroarmato0   1.50 EUR   
  Income:Bar                            -1.50 EUR   

2022-07-22 txn "Carro​armato0 bought 2 items for €1.20"
  timestamp: "2022-07-22 18:23:14.594474"
  type: "purchase"
  Assets:Inventory:Bar                     -1 TWIX 
  Liabilities:Bar:Members:Carroarmato0      1 TWIX 
  Assets:Inventory:Bar                     -1 SNACK
  Liabilities:Bar:Members:Carroarmato0      1 SNACK
  Liabilities:Bar:Members:Carroarmato0   1.20 EUR  
  Income:Bar                            -1.20 EUR  

2022-07-22 txn "Carro​armato0 bought 3 items for €2.70"
  timestamp: "2022-07-22 22:21:45.916227"
  type: "purchase"
  Assets:Inventory:Bar                     -1 FANTA 
  Liabilities:Bar:Members:Carroarmato0      1 FANTA 
  Assets:Inventory:Bar                     -1 LEO   
  Liabilities:Bar:Members:Carroarmato0      1 LEO   
  Assets:Inventory:Bar                     -1 KITKAT
  Liabilities:Bar:Members:Carroarmato0      1 KITKAT
  Liabilities:Bar:Members:Carroarmato0   2.70 EUR   
  Income:Bar                            -2.70 EUR   

2022-07-22 txn "Bloemist bought 1 items for €1.50"
  timestamp: "2022-07-22 22:24:44.497323"
  type: "purchase"
  Assets:Inventory:Bar                 -1 COKE
  Liabilities:Bar:Members:Bloemist      1 COKE
  Liabilities:Bar:Members:Bloemist   1.50 EUR 
  Income:Bar                        -1.50 EUR 

2022-07-24 txn "Bloemist bought 1 items for €1.00"
  timestamp: "2022-07-24 02:08:56.492545"
  type: "purchase"
  Assets:Inventory:Bar                 -1 ICE_CREAM
  Liabilities:Bar:Members:Bloemist      1 ICE_CREAM
  Liabilities:Bar:Members:Bloemist   1.00 EUR      
  Income:Bar                        -1.00 EUR      

2022-07-24 txn "Bloemist bought 3 items for €4.50"
  timestamp: "2022-07-24 02:23:39.872676"
  type: "purchase"
  Assets:Inventory:Bar                 -3 COKE
  Liabilities:Bar:Members:Bloemist      3 COKE
  Liabilities:Bar:Members:Bloemist   4.50 EUR 
  Income:Bar                        -4.50 EUR 

2022-07-24 txn "Bloemist deposited €50.00"
  timestamp: "2022-07-24 05:18:55.881250"
  type: "deposit"
  Liabilities:Bar:Members:Bloemist  -50.00 EUR
  Assets:Cash:Bar                    50.00 EUR

2022-07-24 txn "Bloemist bought 1 items for €1.50"
  timestamp: "2022-07-24 05:59:16.528450"
  type: "purchase"
  Assets:Inventory:Bar                 -1 JUPILER
  Liabilities:Bar:Members:Bloemist      1 JUPILER
  Liabilities:Bar:Members:Bloemist   1.50 EUR    
  Income:Bar                        -1.50 EUR    

2022-07-24 txn "Alex bought 1 items for €1.00"
  timestamp: "2022-07-24 18:40:11.616788"
  type: "purchase"
  Assets:Inventory:Bar             -1 CHIP
  Liabilities:Bar:Members:Alex      1 CHIP
  Liabilities:Bar:Members:Alex   1.00 EUR 
  Income:Bar                    -1.00 EUR 

2022-07-24 txn "Alex deposited €5.00"
  timestamp: "2022-07-24 18:41:10.826062"
  type: "deposit"
  Liabilities:Bar:Members:Alex  -5.00 EUR
  Assets:Cash:Bar                5.00 EUR

2022-07-24 txn "Alex bought 1 items for €1.50"
  timestamp: "2022-07-24 18:41:32.272128"
  type: "purchase"
  Assets:Inventory:Bar             -1 COKE
  Liabilities:Bar:Members:Alex      1 COKE
  Liabilities:Bar:Members:Alex   1.50 EUR 
  Income:Bar                    -1.50 EUR 

2022-07-24 txn "Alex bought 1 items for €0.60"
  timestamp: "2022-07-24 18:41:47.819386"
  type: "purchase"
  Assets:Inventory:Bar             -1 SNACK
  Liabilities:Bar:Members:Alex      1 SNACK
  Liabilities:Bar:Members:Alex   0.60 EUR  
  Income:Bar                    -0.60 EUR  

2022-07-24 txn "Alex bought 1 items for €1.20"
  timestamp: "2022-07-24 18:41:53.977122"
  type: "purchase"
  Assets:Inventory:Bar             -1 NAKD
  Liabilities:Bar:Members:Alex      1 NAKD
  Liabilities:Bar:Members:Alex   1.20 EUR 
  Income:Bar                    -1.20 EUR 

2022-07-24 txn "Alex bought 1 items for €1.00"
  timestamp: "2022-07-24 18:42:02.792193"
  type: "purchase"
  Assets:Inventory:Bar             -1 CHIP
  Liabilities:Bar:Members:Alex      1 CHIP
  Liabilities:Bar:Members:Alex   1.00 EUR 
  Income:Bar                    -1.00 EUR 

2022-07-24 txn "Els bought 1 items for €1.50"
  timestamp: "2022-07-24 18:43:07.660936"
  type: "purchase"
  Assets:Inventory:Bar            -1 ICETEA
  Liabilities:Bar:Members:Els      1 ICETEA
  Liabilities:Bar:Members:Els   1.50 EUR   
  Income:Bar                   -1.50 EUR   

2022-07-25 txn "Bloemist bought 1 items for €1.50"
  timestamp: "2022-07-25 06:23:17.817836"
  type: "purchase"
  Assets:Inventory:Bar                 -1 COKE
  Liabilities:Bar:Members:Bloemist      1 COKE
  Liabilities:Bar:Members:Bloemist   1.50 EUR 
  Income:Bar                        -1.50 EUR 

2022-07-25 txn "Bloemist bought 1 items for €1.50"
  timestamp: "2022-07-25 06:23:29.166221"
  type: "purchase"
  Assets:Inventory:Bar                 -1 ICETEA
  Liabilities:Bar:Members:Bloemist      1 ICETEA
  Liabilities:Bar:Members:Bloemist   1.50 EUR   
  Income:Bar                        -1.50 EUR   

2022-07-25 txn "Yvan bought 1 items for €0.60"
  timestamp: "2022-07-25 09:36:04.360062"
  type: "purchase"
  Assets:Inventory:Bar             -1 SNACK
  Liabilities:Bar:Members:Yvan      1 SNACK
  Liabilities:Bar:Members:Yvan   0.60 EUR  
  Income:Bar                    -0.60 EUR  

2022-07-25 txn "DJefke bought 1 items for €2.00"
  timestamp: "2022-07-25 10:18:04.529753"
  type: "purchase"
  Assets:Inventory:Bar               -1 CM 
  Liabilities:Bar:Members:DJefke      1 CM 
  Liabilities:Bar:Members:DJefke   2.00 EUR
  Income:Bar                      -2.00 EUR

2022-07-25 txn "Evils bought 1 items for €0.60"
  timestamp: "2022-07-25 12:15:25.203848"
  type: "purchase"
  Assets:Inventory:Bar              -1 SNACK
  Liabilities:Bar:Members:Elvis      1 SNACK
  Liabilities:Bar:Members:Elvis   0.60 EUR  
  Income:Bar                     -0.60 EUR  

2022-07-25 txn "Evils bought 1 items for €0.60"
  timestamp: "2022-07-25 12:28:36.791546"
  type: "purchase"
  Assets:Inventory:Bar              -1 TWIX
  Liabilities:Bar:Members:Elvis      1 TWIX
  Liabilities:Bar:Members:Elvis   0.60 EUR 
  Income:Bar                     -0.60 EUR 

2022-07-25 txn "DJefke bought 1 items for €1.50"
  timestamp: "2022-07-25 14:07:20.820237"
  type: "purchase"
  Assets:Inventory:Bar               -1 COKE
  Liabilities:Bar:Members:DJefke      1 COKE
  Liabilities:Bar:Members:DJefke   1.50 EUR 
  Income:Bar                      -1.50 EUR 

2022-07-26 txn "Bloemist bought 1 items for €1.50"
  timestamp: "2022-07-26 00:58:55.589617"
  type: "purchase"
  Assets:Inventory:Bar                 -1 FANTA
  Liabilities:Bar:Members:Bloemist      1 FANTA
  Liabilities:Bar:Members:Bloemist   1.50 EUR  
  Income:Bar                        -1.50 EUR  

2022-07-26 txn "Bloemist bought 1 items for €1.50"
  timestamp: "2022-07-26 01:32:25.570767"
  type: "purchase"
  Assets:Inventory:Bar                 -1 COKE
  Liabilities:Bar:Members:Bloemist      1 COKE
  Liabilities:Bar:Members:Bloemist   1.50 EUR 
  Income:Bar                        -1.50 EUR 

2022-07-26 txn "Bloemist bought 2 items for €2.50"
  timestamp: "2022-07-26 03:47:13.221712"
  type: "purchase"
  Assets:Inventory:Bar                 -1 COKE
  Liabilities:Bar:Members:Bloemist      1 COKE
  Assets:Inventory:Bar                 -1 CHIP
  Liabilities:Bar:Members:Bloemist      1 CHIP
  Liabilities:Bar:Members:Bloemist   2.50 EUR 
  Income:Bar                        -2.50 EUR 

2022-07-26 txn "Bloemist bought 1 items for €1.00"
  timestamp: "2022-07-26 04:18:40.180940"
  type: "purchase"
  Assets:Inventory:Bar                 -1 CHIP
  Liabilities:Bar:Members:Bloemist      1 CHIP
  Liabilities:Bar:Members:Bloemist   1.00 EUR 
  Income:Bar                        -1.00 EUR 

2022-07-26 txn "Bloemist bought 3 items for €5.00"
  timestamp: "2022-07-26 06:10:57.155694"
  type: "purchase"
  Assets:Inventory:Bar                 -1 CM    
  Liabilities:Bar:Members:Bloemist      1 CM    
  Assets:Inventory:Bar                 -1 ICETEA
  Liabilities:Bar:Members:Bloemist      1 ICETEA
  Assets:Inventory:Bar                 -1 COKE  
  Liabilities:Bar:Members:Bloemist      1 COKE  
  Liabilities:Bar:Members:Bloemist   5.00 EUR   
  Income:Bar                        -5.00 EUR   

2022-07-26 txn "Yvan bought 1 items for €0.60"
  timestamp: "2022-07-26 09:38:22.762019"
  type: "purchase"
  Assets:Inventory:Bar             -1 SNACK
  Liabilities:Bar:Members:Yvan      1 SNACK
  Liabilities:Bar:Members:Yvan   0.60 EUR  
  Income:Bar                    -0.60 EUR  

2022-07-26 txn "Evils bought 1 items for €1.50"
  timestamp: "2022-07-26 10:22:21.116670"
  type: "purchase"
  Assets:Inventory:Bar              -1 COKE
  Liabilities:Bar:Members:Elvis      1 COKE
  Liabilities:Bar:Members:Elvis   1.50 EUR 
  Income:Bar                     -1.50 EUR 

2022-07-26 txn "Yvan gave qwaxys a gift of €5.00"
  timestamp: "2022-07-26 10:49:28.699030"
  type: "transfer"
  Liabilities:Bar:Members:Yvan   5.00 EUR
  Liabilities:Bar:Members:Bart  -5.00 EUR

2022-07-26 txn "Yvan bought 1 items for €1.50"
  timestamp: "2022-07-26 10:49:44.381393"
  type: "purchase"
  Assets:Inventory:Bar             -1 COKE
  Liabilities:Bar:Members:Yvan      1 COKE
  Liabilities:Bar:Members:Yvan   1.50 EUR 
  Income:Bar                    -1.50 EUR 

2022-07-26 txn "Carro​armato0 bought 3 items for €3.20"
  timestamp: "2022-07-26 12:10:09.444131"
  type: "purchase"
  Assets:Inventory:Bar                     -1 CM    
  Liabilities:Bar:Members:Carroarmato0      1 CM    
  Assets:Inventory:Bar                     -1 LEO   
  Liabilities:Bar:Members:Carroarmato0      1 LEO   
  Assets:Inventory:Bar                     -1 KITKAT
  Liabilities:Bar:Members:Carroarmato0      1 KITKAT
  Liabilities:Bar:Members:Carroarmato0   3.20 EUR   
  Income:Bar                            -3.20 EUR   

2022-07-26 txn "Miker gave Carro​armato0 a gift of €33.32"
  timestamp: "2022-07-26 12:10:49.515148"
  type: "transfer"
  Liabilities:Bar:Members:Miker          33.32 EUR
  Liabilities:Bar:Members:Carroarmato0  -33.32 EUR

2022-07-26 txn "Carro​armato0 bought 1 items for €0.60"
  timestamp: "2022-07-26 12:11:50.074001"
  type: "purchase"
  Assets:Inventory:Bar                     -1 TWIX
  Liabilities:Bar:Members:Carroarmato0      1 TWIX
  Liabilities:Bar:Members:Carroarmato0   0.60 EUR 
  Income:Bar                            -0.60 EUR 

2022-07-26 txn "Bloemist bought 1 items for €1.50"
  timestamp: "2022-07-26 12:11:56.755286"
  type: "purchase"
  Assets:Inventory:Bar                 -1 JUPILER
  Liabilities:Bar:Members:Bloemist      1 JUPILER
  Liabilities:Bar:Members:Bloemist   1.50 EUR    
  Income:Bar                        -1.50 EUR    

2022-07-26 txn "Yvan bought 1 items for €1.50"
  timestamp: "2022-07-26 13:03:48.707622"
  type: "purchase"
  Assets:Inventory:Bar             -1 AGRUMES
  Liabilities:Bar:Members:Yvan      1 AGRUMES
  Liabilities:Bar:Members:Yvan   1.50 EUR    
  Income:Bar                    -1.50 EUR    

2022-07-26 txn "Carro​armato0 bought 1 items for €2.00"
  timestamp: "2022-07-26 14:03:14.871681"
  type: "purchase"
  Assets:Inventory:Bar                     -1 CM 
  Liabilities:Bar:Members:Carroarmato0      1 CM 
  Liabilities:Bar:Members:Carroarmato0   2.00 EUR
  Income:Bar                            -2.00 EUR

2022-07-26 txn "Thomas gave Carro​armato0 a gift of €10.82"
  timestamp: "2022-07-26 14:03:45.794908"
  type: "transfer"
  Liabilities:Bar:Members:Thomas         10.82 EUR
  Liabilities:Bar:Members:Carroarmato0  -10.82 EUR

2022-07-26 txn "Carro​armato0 bought 1 items for €1.50"
  timestamp: "2022-07-26 17:57:39.726385"
  type: "purchase"
  Assets:Inventory:Bar                     -1 COKE
  Liabilities:Bar:Members:Carroarmato0      1 COKE
  Liabilities:Bar:Members:Carroarmato0   1.50 EUR 
  Income:Bar                            -1.50 EUR 

2022-07-26 txn "Carro​armato0 bought 2 items for €1.20"
  timestamp: "2022-07-26 19:00:32.290950"
  type: "purchase"
  Assets:Inventory:Bar                     -1 LEO   
  Liabilities:Bar:Members:Carroarmato0      1 LEO   
  Assets:Inventory:Bar                     -1 KITKAT
  Liabilities:Bar:Members:Carroarmato0      1 KITKAT
  Liabilities:Bar:Members:Carroarmato0   1.20 EUR   
  Income:Bar                            -1.20 EUR   

2022-07-26 txn "Carro​armato0 bought 1 items for €1.50"
  timestamp: "2022-07-26 20:17:49.621939"
  type: "purchase"
  Assets:Inventory:Bar                     -1 FANTA
  Liabilities:Bar:Members:Carroarmato0      1 FANTA
  Liabilities:Bar:Members:Carroarmato0   1.50 EUR  
  Income:Bar                            -1.50 EUR  

2022-07-27 txn "Bloemist bought 1 items for €2.00"
  timestamp: "2022-07-27 05:50:19.490055"
  type: "purchase"
  Assets:Inventory:Bar                 -1 CM 
  Liabilities:Bar:Members:Bloemist      1 CM 
  Liabilities:Bar:Members:Bloemist   2.00 EUR
  Income:Bar                        -2.00 EUR

2022-07-27 txn "Bloemist bought 1 items for €1.00"
  timestamp: "2022-07-27 07:49:37.520074"
  type: "purchase"
  Assets:Inventory:Bar                 -1 CHIP
  Liabilities:Bar:Members:Bloemist      1 CHIP
  Liabilities:Bar:Members:Bloemist   1.00 EUR 
  Income:Bar                        -1.00 EUR 

2022-07-27 txn "Bloemist gave 3D-printer a gift of €0.35"
  timestamp: "2022-07-27 07:55:53.191020"
  type: "transfer"
  Liabilities:Bar:Members:Bloemist     0.35 EUR
  Liabilities:Bar:Members:3D-printer  -0.35 EUR

2022-07-27 txn "Bloemist gave 3D-printer a gift of €0.50"
  timestamp: "2022-07-27 08:57:57.249575"
  type: "transfer"
  Liabilities:Bar:Members:Bloemist     0.50 EUR
  Liabilities:Bar:Members:3D-printer  -0.50 EUR

2022-07-27 txn "Yvan bought 1 items for €0.60"
  timestamp: "2022-07-27 09:15:24.428455"
  type: "purchase"
  Assets:Inventory:Bar             -1 SNACK
  Liabilities:Bar:Members:Yvan      1 SNACK
  Liabilities:Bar:Members:Yvan   0.60 EUR  
  Income:Bar                    -0.60 EUR  

