2022-05-19 txn "Evils gave Sander a gift of €6.30"
  timestamp: "2022-05-19 17:21:57.232127"
  type: "transfer"
  Liabilities:Bar:Members:Elvis    6.30 EUR
  Liabilities:Bar:Members:Sander  -6.30 EUR

2022-05-19 txn "Sander bought 1 items for €1.50"
  timestamp: "2022-05-19 17:22:35.137788"
  type: "purchase"
  Assets:Inventory:Bar               -1 SCHWEPPES
  Liabilities:Bar:Members:Sander      1 SCHWEPPES
  Liabilities:Bar:Members:Sander   1.50 EUR      
  Income:Bar                      -1.50 EUR      

2022-05-19 txn "Bloemist bought 1 items for €1.50"
  timestamp: "2022-05-19 17:22:46.581298"
  type: "purchase"
  Assets:Inventory:Bar                 -1 JUPILER
  Liabilities:Bar:Members:Bloemist      1 JUPILER
  Liabilities:Bar:Members:Bloemist   1.50 EUR    
  Income:Bar                        -1.50 EUR    

2022-05-19 txn "Yvan bought 3 items for €3.60"
  timestamp: "2022-05-19 17:23:12.284502"
  type: "purchase"
  Assets:Inventory:Bar             -1 ICETEA
  Liabilities:Bar:Members:Yvan      1 ICETEA
  Assets:Inventory:Bar             -1 FANTA 
  Liabilities:Bar:Members:Yvan      1 FANTA 
  Assets:Inventory:Bar             -1 KITKAT
  Liabilities:Bar:Members:Yvan      1 KITKAT
  Liabilities:Bar:Members:Yvan   3.60 EUR   
  Income:Bar                    -3.60 EUR   

2022-05-19 txn "qwaxys bought 3 items for €5.50"
  timestamp: "2022-05-19 17:23:24.858229"
  type: "purchase"
  Assets:Inventory:Bar             -2 CMRED
  Liabilities:Bar:Members:Bart      2 CMRED
  Assets:Inventory:Bar             -1 FANTA
  Liabilities:Bar:Members:Bart      1 FANTA
  Liabilities:Bar:Members:Bart   5.50 EUR  
  Income:Bar                    -5.50 EUR  

2022-05-19 txn "Koen bought 1 items for €1.50"
  timestamp: "2022-05-19 17:27:29.858332"
  type: "purchase"
  Assets:Inventory:Bar             -1 JUPILER
  Liabilities:Bar:Members:Koen      1 JUPILER
  Liabilities:Bar:Members:Koen   1.50 EUR    
  Income:Bar                    -1.50 EUR    

2022-05-19 txn "Evils bought 1 items for €1.50"
  timestamp: "2022-05-19 17:27:44.165050"
  type: "purchase"
  Assets:Inventory:Bar              -1 COKE
  Liabilities:Bar:Members:Elvis      1 COKE
  Liabilities:Bar:Members:Elvis   1.50 EUR 
  Income:Bar                     -1.50 EUR 

2022-05-19 txn "Merlijn bought 2 items for €1.60"
  timestamp: "2022-05-19 17:28:33.938567"
  type: "purchase"
  Assets:Inventory:Bar                -1 KITKAT
  Liabilities:Bar:Members:Merlijn      1 KITKAT
  Assets:Inventory:Bar                -1 CHIP  
  Liabilities:Bar:Members:Merlijn      1 CHIP  
  Liabilities:Bar:Members:Merlijn   1.60 EUR   
  Income:Bar                       -1.60 EUR   

2022-05-19 txn "Miker bought 1 items for €1.50"
  timestamp: "2022-05-19 17:51:57.302813"
  type: "purchase"
  Assets:Inventory:Bar              -1 JUPILER
  Liabilities:Bar:Members:Miker      1 JUPILER
  Liabilities:Bar:Members:Miker   1.50 EUR    
  Income:Bar                     -1.50 EUR    

2022-05-19 txn "Bloemist bought 1 items for €1.50"
  timestamp: "2022-05-19 18:12:34.026162"
  type: "purchase"
  Assets:Inventory:Bar                 -1 JUPILER
  Liabilities:Bar:Members:Bloemist      1 JUPILER
  Liabilities:Bar:Members:Bloemist   1.50 EUR    
  Income:Bar                        -1.50 EUR    

2022-05-19 txn "Thomas bought 1 items for €2.50"
  timestamp: "2022-05-19 18:16:01.955214"
  type: "purchase"
  Assets:Inventory:Bar               -1 MYSTERY
  Liabilities:Bar:Members:Thomas      1 MYSTERY
  Liabilities:Bar:Members:Thomas   2.50 EUR    
  Income:Bar                      -2.50 EUR    

2022-05-19 txn "--CASH-- bought 1 items for €2.00"
  timestamp: "2022-05-19 18:16:13.250243"
  type: "purchase"
  Assets:Inventory:Bar     -1 CMRED
  Assets:Cash:Bar           1 CMRED
  Assets:Cash:Bar        2.00 EUR  
  Income:Bar            -2.00 EUR  

2022-05-19 txn "Miker bought 1 items for €1.50"
  timestamp: "2022-05-19 18:23:40.674046"
  type: "purchase"
  Assets:Inventory:Bar              -1 JUPILER
  Liabilities:Bar:Members:Miker      1 JUPILER
  Liabilities:Bar:Members:Miker   1.50 EUR    
  Income:Bar                     -1.50 EUR    

2022-05-19 txn "qwaxys bought 1 items for €1.50"
  timestamp: "2022-05-19 18:38:31.933866"
  type: "purchase"
  Assets:Inventory:Bar             -1 JUPILER
  Liabilities:Bar:Members:Bart      1 JUPILER
  Liabilities:Bar:Members:Bart   1.50 EUR    
  Income:Bar                    -1.50 EUR    

2022-05-19 txn "Ljaytee bought 1 items for €1.50"
  timestamp: "2022-05-19 18:39:17.788693"
  type: "purchase"
  Assets:Inventory:Bar                -1 COKE
  Liabilities:Bar:Members:Ljaytee      1 COKE
  Liabilities:Bar:Members:Ljaytee   1.50 EUR 
  Income:Bar                       -1.50 EUR 

2022-05-19 txn "--CASH-- bought 1 items for €2.00"
  timestamp: "2022-05-19 18:39:52.749760"
  type: "purchase"
  Assets:Inventory:Bar     -1 CMRED
  Assets:Cash:Bar           1 CMRED
  Assets:Cash:Bar        2.00 EUR  
  Income:Bar            -2.00 EUR  

2022-05-19 txn "Ewaut bought 1 items for €2.00"
  timestamp: "2022-05-19 18:40:29.459907"
  type: "purchase"
  Assets:Inventory:Bar              -1 CMRED
  Liabilities:Bar:Members:Ewaut      1 CMRED
  Liabilities:Bar:Members:Ewaut   2.00 EUR  
  Income:Bar                     -2.00 EUR  

2022-05-19 txn "Thomas bought 2 items for €3.50"
  timestamp: "2022-05-19 18:49:04.946274"
  type: "purchase"
  Assets:Inventory:Bar               -1 MYSTERY
  Liabilities:Bar:Members:Thomas      1 MYSTERY
  Assets:Inventory:Bar               -1 CHIP   
  Liabilities:Bar:Members:Thomas      1 CHIP   
  Liabilities:Bar:Members:Thomas   3.50 EUR    
  Income:Bar                      -3.50 EUR    

2022-05-19 txn "Miker bought 2 items for €2.10"
  timestamp: "2022-05-19 19:02:56.989343"
  type: "purchase"
  Assets:Inventory:Bar              -1 COKE    
  Liabilities:Bar:Members:Miker      1 COKE    
  Assets:Inventory:Bar              -1 SNICKERS
  Liabilities:Bar:Members:Miker      1 SNICKERS
  Liabilities:Bar:Members:Miker   2.10 EUR     
  Income:Bar                     -2.10 EUR     

2022-05-19 txn "TQ bought 1 items for €2.00"
  timestamp: "2022-05-19 19:05:14.012908"
  type: "purchase"
  Assets:Inventory:Bar                -1 CMRED
  Liabilities:Bar:Members:Thequux      1 CMRED
  Liabilities:Bar:Members:Thequux   2.00 EUR  
  Income:Bar                       -2.00 EUR  

2022-05-19 txn "Evils bought 1 items for €1.50"
  timestamp: "2022-05-19 19:05:24.577147"
  type: "purchase"
  Assets:Inventory:Bar              -1 SCHWEPPES
  Liabilities:Bar:Members:Elvis      1 SCHWEPPES
  Liabilities:Bar:Members:Elvis   1.50 EUR      
  Income:Bar                     -1.50 EUR      

2022-05-19 txn "Sander bought 1 items for €1.50"
  timestamp: "2022-05-19 19:15:32.931087"
  type: "purchase"
  Assets:Inventory:Bar               -1 AGRUMES
  Liabilities:Bar:Members:Sander      1 AGRUMES
  Liabilities:Bar:Members:Sander   1.50 EUR    
  Income:Bar                      -1.50 EUR    

2022-05-19 txn "Bloemist bought 1 items for €1.50"
  timestamp: "2022-05-19 19:20:11.740050"
  type: "purchase"
  Assets:Inventory:Bar                 -1 JUPILER
  Liabilities:Bar:Members:Bloemist      1 JUPILER
  Liabilities:Bar:Members:Bloemist   1.50 EUR    
  Income:Bar                        -1.50 EUR    

2022-05-19 txn "Thomas bought 1 items for €0.60"
  timestamp: "2022-05-19 19:25:25.815822"
  type: "purchase"
  Assets:Inventory:Bar               -1 SNICKERS
  Liabilities:Bar:Members:Thomas      1 SNICKERS
  Liabilities:Bar:Members:Thomas   0.60 EUR     
  Income:Bar                      -0.60 EUR     

2022-05-19 txn "Aris bought 1 items for €2.00"
  timestamp: "2022-05-19 19:25:52.838238"
  type: "purchase"
  Assets:Inventory:Bar             -1 FRITZ
  Liabilities:Bar:Members:Aris      1 FRITZ
  Liabilities:Bar:Members:Aris   2.00 EUR  
  Income:Bar                    -2.00 EUR  

2022-05-19 txn "Thomas bought 1 items for €2.50"
  timestamp: "2022-05-19 19:37:00.057548"
  type: "purchase"
  Assets:Inventory:Bar               -1 MYSTERY
  Liabilities:Bar:Members:Thomas      1 MYSTERY
  Liabilities:Bar:Members:Thomas   2.50 EUR    
  Income:Bar                      -2.50 EUR    

2022-05-19 txn "Miker bought 1 items for €1.50"
  timestamp: "2022-05-19 19:53:44.279538"
  type: "purchase"
  Assets:Inventory:Bar              -1 JUPILER
  Liabilities:Bar:Members:Miker      1 JUPILER
  Liabilities:Bar:Members:Miker   1.50 EUR    
  Income:Bar                     -1.50 EUR    

2022-05-19 txn "Ljaytee bought 1 items for €2.00"
  timestamp: "2022-05-19 20:19:21.794332"
  type: "purchase"
  Assets:Inventory:Bar                -1 FRITZ
  Liabilities:Bar:Members:Ljaytee      1 FRITZ
  Liabilities:Bar:Members:Ljaytee   2.00 EUR  
  Income:Bar                       -2.00 EUR  

2022-05-19 txn "Nachtvlinder bought 5 items for €6.70"
  timestamp: "2022-05-19 21:18:18.069273"
  type: "purchase"
  Assets:Inventory:Bar             -2 FRITZ 
  Liabilities:Bar:Members:Maja      2 FRITZ 
  Assets:Inventory:Bar             -2 BOUNTY
  Liabilities:Bar:Members:Maja      2 BOUNTY
  Assets:Inventory:Bar             -1 ICETEA
  Liabilities:Bar:Members:Maja      1 ICETEA
  Liabilities:Bar:Members:Maja   6.70 EUR   
  Income:Bar                    -6.70 EUR   

2022-05-19 txn "Koen bought 1 items for €1.50"
  timestamp: "2022-05-19 21:18:46.553276"
  type: "purchase"
  Assets:Inventory:Bar             -1 JUPILER
  Liabilities:Bar:Members:Koen      1 JUPILER
  Liabilities:Bar:Members:Koen   1.50 EUR    
  Income:Bar                    -1.50 EUR    

2022-05-19 txn "qwaxys bought 1 items for €1.50"
  timestamp: "2022-05-19 21:19:11.341542"
  type: "purchase"
  Assets:Inventory:Bar             -1 JUPILER
  Liabilities:Bar:Members:Bart      1 JUPILER
  Liabilities:Bar:Members:Bart   1.50 EUR    
  Income:Bar                    -1.50 EUR    

2022-05-19 txn "--CASH-- bought 1 items for €2.00"
  timestamp: "2022-05-19 21:34:00.715884"
  type: "purchase"
  Assets:Inventory:Bar     -1 FRITZ_ZERO
  Assets:Cash:Bar           1 FRITZ_ZERO
  Assets:Cash:Bar        2.00 EUR       
  Income:Bar            -2.00 EUR       

2022-05-19 txn "Miker bought 1 items for €1.50"
  timestamp: "2022-05-19 21:35:54.609936"
  type: "purchase"
  Assets:Inventory:Bar              -1 COKE
  Liabilities:Bar:Members:Miker      1 COKE
  Liabilities:Bar:Members:Miker   1.50 EUR 
  Income:Bar                     -1.50 EUR 

2022-05-19 txn "Evils bought 1 items for €0.70"
  timestamp: "2022-05-19 22:01:45.057590"
  type: "purchase"
  Assets:Inventory:Bar              -1 CHOCO_MILK
  Liabilities:Bar:Members:Elvis      1 CHOCO_MILK
  Liabilities:Bar:Members:Elvis   0.70 EUR       
  Income:Bar                     -0.70 EUR       

2022-05-19 txn "--CASH-- bought 1 items for €2.00"
  timestamp: "2022-05-19 22:08:31.342984"
  type: "purchase"
  Assets:Inventory:Bar     -1 FRITZ_ZERO
  Assets:Cash:Bar           1 FRITZ_ZERO
  Assets:Cash:Bar        2.00 EUR       
  Income:Bar            -2.00 EUR       

2022-05-19 txn "Nachtvlinder bought 2 items for €2.60"
  timestamp: "2022-05-19 23:37:11.088824"
  type: "purchase"
  Assets:Inventory:Bar             -1 FRITZ 
  Liabilities:Bar:Members:Maja      1 FRITZ 
  Assets:Inventory:Bar             -1 BOUNTY
  Liabilities:Bar:Members:Maja      1 BOUNTY
  Liabilities:Bar:Members:Maja   2.60 EUR   
  Income:Bar                    -2.60 EUR   

2022-05-20 txn "Bloemist bought 1 items for €1.00"
  timestamp: "2022-05-20 02:45:24.053683"
  type: "purchase"
  Assets:Inventory:Bar                 -1 CHIP
  Liabilities:Bar:Members:Bloemist      1 CHIP
  Liabilities:Bar:Members:Bloemist   1.00 EUR 
  Income:Bar                        -1.00 EUR 

2022-05-20 txn "Bloemist deposited €20.00"
  timestamp: "2022-05-20 02:45:43.394165"
  type: "deposit"
  Liabilities:Bar:Members:Bloemist  -20.00 EUR
  Assets:Cash:Bar                    20.00 EUR

2022-05-21 txn "Miker bought 1 items for €1.50"
  timestamp: "2022-05-21 13:40:18.912650"
  type: "purchase"
  Assets:Inventory:Bar              -1 COKE
  Liabilities:Bar:Members:Miker      1 COKE
  Liabilities:Bar:Members:Miker   1.50 EUR 
  Income:Bar                     -1.50 EUR 

2022-05-21 txn "Miker bought 1 items for €2.00"
  timestamp: "2022-05-21 14:17:29.531829"
  type: "purchase"
  Assets:Inventory:Bar              -1 CMRED
  Liabilities:Bar:Members:Miker      1 CMRED
  Liabilities:Bar:Members:Miker   2.00 EUR  
  Income:Bar                     -2.00 EUR  

2022-05-22 txn "Evils bought 1 items for €0.60"
  timestamp: "2022-05-22 19:31:10.535848"
  type: "purchase"
  Assets:Inventory:Bar              -1 TWIX
  Liabilities:Bar:Members:Elvis      1 TWIX
  Liabilities:Bar:Members:Elvis   0.60 EUR 
  Income:Bar                     -0.60 EUR 

2022-05-22 txn "Evils bought 1 items for €0.60"
  timestamp: "2022-05-22 19:33:51.597381"
  type: "purchase"
  Assets:Inventory:Bar              -1 KITKAT
  Liabilities:Bar:Members:Elvis      1 KITKAT
  Liabilities:Bar:Members:Elvis   0.60 EUR   
  Income:Bar                     -0.60 EUR   

2022-05-24 txn "Yvan bought 1 items for €0.60"
  timestamp: "2022-05-24 11:48:53.562810"
  type: "purchase"
  Assets:Inventory:Bar             -1 TWIX
  Liabilities:Bar:Members:Yvan      1 TWIX
  Liabilities:Bar:Members:Yvan   0.60 EUR 
  Income:Bar                    -0.60 EUR 

2022-05-24 txn "Evils bought 1 items for €0.70"
  timestamp: "2022-05-24 20:20:31.317065"
  type: "purchase"
  Assets:Inventory:Bar              -1 CHOCO_MILK
  Liabilities:Bar:Members:Elvis      1 CHOCO_MILK
  Liabilities:Bar:Members:Elvis   0.70 EUR       
  Income:Bar                     -0.70 EUR       

2022-05-24 txn "Evils bought 1 items for €0.60"
  timestamp: "2022-05-24 21:06:56.544110"
  type: "purchase"
  Assets:Inventory:Bar              -1 TWIX
  Liabilities:Bar:Members:Elvis      1 TWIX
  Liabilities:Bar:Members:Elvis   0.60 EUR 
  Income:Bar                     -0.60 EUR 

2022-05-26 txn "Els bought 2 items for €4.00"
  timestamp: "2022-05-26 11:02:28.926948"
  type: "purchase"
  Assets:Inventory:Bar            -2 FLORA
  Liabilities:Bar:Members:Els      2 FLORA
  Liabilities:Bar:Members:Els   4.00 EUR  
  Income:Bar                   -4.00 EUR  

2022-05-26 txn "On8wr bought 1 items for €2.00"
  timestamp: "2022-05-26 12:22:00.852701"
  type: "purchase"
  Assets:Inventory:Bar              -1 CM 
  Liabilities:Bar:Members:On8wr      1 CM 
  Liabilities:Bar:Members:On8wr   2.00 EUR
  Income:Bar                     -2.00 EUR

2022-05-26 txn "On8wr bought 1 items for €0.60"
  timestamp: "2022-05-26 12:23:18.803289"
  type: "purchase"
  Assets:Inventory:Bar              -1 BOUNTY
  Liabilities:Bar:Members:On8wr      1 BOUNTY
  Liabilities:Bar:Members:On8wr   0.60 EUR   
  Income:Bar                     -0.60 EUR   

2022-05-26 txn "On8wr bought 2 items for €3.00"
  timestamp: "2022-05-26 13:08:50.382593"
  type: "purchase"
  Assets:Inventory:Bar              -1 CM  
  Liabilities:Bar:Members:On8wr      1 CM  
  Assets:Inventory:Bar              -1 CHIP
  Liabilities:Bar:Members:On8wr      1 CHIP
  Liabilities:Bar:Members:On8wr   3.00 EUR 
  Income:Bar                     -3.00 EUR 

2022-05-26 txn "qwaxys bought 1 items for €2.00"
  timestamp: "2022-05-26 13:09:17.639461"
  type: "purchase"
  Assets:Inventory:Bar             -1 CMRED
  Liabilities:Bar:Members:Bart      1 CMRED
  Liabilities:Bar:Members:Bart   2.00 EUR  
  Income:Bar                    -2.00 EUR  

2022-05-26 txn "Koen bought 1 items for €2.00"
  timestamp: "2022-05-26 13:09:43.401156"
  type: "purchase"
  Assets:Inventory:Bar             -1 CM 
  Liabilities:Bar:Members:Koen      1 CM 
  Liabilities:Bar:Members:Koen   2.00 EUR
  Income:Bar                    -2.00 EUR

2022-05-26 txn "Nachtvlinder bought 1 items for €2.00"
  timestamp: "2022-05-26 13:23:28.601739"
  type: "purchase"
  Assets:Inventory:Bar             -1 FRITZ
  Liabilities:Bar:Members:Maja      1 FRITZ
  Liabilities:Bar:Members:Maja   2.00 EUR  
  Income:Bar                    -2.00 EUR  

2022-05-26 txn "On8wr bought 1 items for €2.00"
  timestamp: "2022-05-26 13:36:10.242209"
  type: "purchase"
  Assets:Inventory:Bar              -1 FRITZ
  Liabilities:Bar:Members:On8wr      1 FRITZ
  Liabilities:Bar:Members:On8wr   2.00 EUR  
  Income:Bar                     -2.00 EUR  

2022-05-26 txn "On8wr bought 1 items for €2.00"
  timestamp: "2022-05-26 14:24:33.468835"
  type: "purchase"
  Assets:Inventory:Bar              -1 CM 
  Liabilities:Bar:Members:On8wr      1 CM 
  Liabilities:Bar:Members:On8wr   2.00 EUR
  Income:Bar                     -2.00 EUR

2022-05-26 txn "Nachtvlinder deposited €40.00"
  timestamp: "2022-05-26 14:48:28.255025"
  type: "deposit"
  Liabilities:Bar:Members:Maja  -40.00 EUR
  Assets:Cash:Bar                40.00 EUR

2022-05-26 txn "Nachtvlinder deposited €-20.00"
  timestamp: "2022-05-26 14:49:00.805019"
  type: "deposit"
  Liabilities:Bar:Members:Maja   20.00 EUR
  Assets:Cash:Bar               -20.00 EUR

2022-05-26 txn "--CASH-- bought 2 items for €3.50"
  timestamp: "2022-05-26 14:58:16.992074"
  type: "purchase"
  Assets:Inventory:Bar     -1 CMRED
  Assets:Cash:Bar           1 CMRED
  Assets:Inventory:Bar     -1 FANTA
  Assets:Cash:Bar           1 FANTA
  Assets:Cash:Bar        3.50 EUR  
  Income:Bar            -3.50 EUR  

2022-05-26 txn "Matth bought 1 items for €2.00"
  timestamp: "2022-05-26 16:19:06.770099"
  type: "purchase"
  Assets:Inventory:Bar              -1 CMRED
  Liabilities:Bar:Members:Matth      1 CMRED
  Liabilities:Bar:Members:Matth   2.00 EUR  
  Income:Bar                     -2.00 EUR  

2022-05-26 txn "Matth deposited €2.00"
  timestamp: "2022-05-26 16:19:46.273916"
  type: "deposit"
  Liabilities:Bar:Members:Matth  -2.00 EUR
  Assets:Cash:Bar                 2.00 EUR

2022-05-26 txn "On8wr bought 1 items for €1.00"
  timestamp: "2022-05-26 16:39:14.030474"
  type: "purchase"
  Assets:Inventory:Bar              -1 CHIP
  Liabilities:Bar:Members:On8wr      1 CHIP
  Liabilities:Bar:Members:On8wr   1.00 EUR 
  Income:Bar                     -1.00 EUR 

2022-05-26 txn "On8wr bought 1 items for €2.00"
  timestamp: "2022-05-26 16:45:38.377321"
  type: "purchase"
  Assets:Inventory:Bar              -1 CM 
  Liabilities:Bar:Members:On8wr      1 CM 
  Liabilities:Bar:Members:On8wr   2.00 EUR
  Income:Bar                     -2.00 EUR

2022-05-26 txn "qwaxys bought 1 items for €2.00"
  timestamp: "2022-05-26 17:02:52.858782"
  type: "purchase"
  Assets:Inventory:Bar             -1 FRITZ
  Liabilities:Bar:Members:Bart      1 FRITZ
  Liabilities:Bar:Members:Bart   2.00 EUR  
  Income:Bar                    -2.00 EUR  

2022-05-26 txn "On8wr bought 1 items for €0.60"
  timestamp: "2022-05-26 17:13:44.207856"
  type: "purchase"
  Assets:Inventory:Bar              -1 BOUNTY
  Liabilities:Bar:Members:On8wr      1 BOUNTY
  Liabilities:Bar:Members:On8wr   0.60 EUR   
  Income:Bar                     -0.60 EUR   

2022-05-26 txn "On8wr bought 1 items for €1.50"
  timestamp: "2022-05-26 18:06:33.556902"
  type: "purchase"
  Assets:Inventory:Bar              -1 SCHWEPPES
  Liabilities:Bar:Members:On8wr      1 SCHWEPPES
  Liabilities:Bar:Members:On8wr   1.50 EUR      
  Income:Bar                     -1.50 EUR      

2022-05-26 txn "On8wr deposited €20.00"
  timestamp: "2022-05-26 18:07:41.808055"
  type: "deposit"
  Liabilities:Bar:Members:On8wr  -20.00 EUR
  Assets:Cash:Bar                 20.00 EUR

2022-05-26 txn "Yvan gave qwaxys a gift of €30.00"
  timestamp: "2022-05-26 18:17:50.844815"
  type: "transfer"
  Liabilities:Bar:Members:Yvan   30.00 EUR
  Liabilities:Bar:Members:Bart  -30.00 EUR

2022-05-26 txn "Yvan bought 2 items for €2.60"
  timestamp: "2022-05-26 18:25:14.078022"
  type: "purchase"
  Assets:Inventory:Bar             -1 FRITZ 
  Liabilities:Bar:Members:Yvan      1 FRITZ 
  Assets:Inventory:Bar             -1 KITKAT
  Liabilities:Bar:Members:Yvan      1 KITKAT
  Liabilities:Bar:Members:Yvan   2.60 EUR   
  Income:Bar                    -2.60 EUR   

2022-05-26 txn "Fearless bought 1 items for €1.50"
  timestamp: "2022-05-26 18:34:58.384569"
  type: "purchase"
  Assets:Inventory:Bar                 -1 ICETEA
  Liabilities:Bar:Members:Fearless      1 ICETEA
  Liabilities:Bar:Members:Fearless   1.50 EUR   
  Income:Bar                        -1.50 EUR   

2022-05-26 txn "Evils bought 1 items for €2.00"
  timestamp: "2022-05-26 19:04:07.159863"
  type: "purchase"
  Assets:Inventory:Bar              -1 FLORA
  Liabilities:Bar:Members:Elvis      1 FLORA
  Liabilities:Bar:Members:Elvis   2.00 EUR  
  Income:Bar                     -2.00 EUR  

2022-05-26 txn "Bloemist bought 2 items for €2.60"
  timestamp: "2022-05-26 19:11:53.615036"
  type: "purchase"
  Assets:Inventory:Bar                 -1 TWIX 
  Liabilities:Bar:Members:Bloemist      1 TWIX 
  Assets:Inventory:Bar                 -1 FRITZ
  Liabilities:Bar:Members:Bloemist      1 FRITZ
  Liabilities:Bar:Members:Bloemist   2.60 EUR  
  Income:Bar                        -2.60 EUR  

2022-05-26 txn "Koen bought 1 items for €1.50"
  timestamp: "2022-05-26 19:14:03.385394"
  type: "purchase"
  Assets:Inventory:Bar             -1 JUPILER
  Liabilities:Bar:Members:Koen      1 JUPILER
  Liabilities:Bar:Members:Koen   1.50 EUR    
  Income:Bar                    -1.50 EUR    

2022-05-26 txn "qwaxys bought 1 items for €2.00"
  timestamp: "2022-05-26 19:16:13.101003"
  type: "purchase"
  Assets:Inventory:Bar             -1 FRITZ
  Liabilities:Bar:Members:Bart      1 FRITZ
  Liabilities:Bar:Members:Bart   2.00 EUR  
  Income:Bar                    -2.00 EUR  

2022-05-26 txn "Miker bought 1 items for €2.00"
  timestamp: "2022-05-26 20:11:55.167061"
  type: "purchase"
  Assets:Inventory:Bar              -1 FRITZ_ZERO
  Liabilities:Bar:Members:Miker      1 FRITZ_ZERO
  Liabilities:Bar:Members:Miker   2.00 EUR       
  Income:Bar                     -2.00 EUR       

2022-05-26 txn "On8wr bought 1 items for €1.00"
  timestamp: "2022-05-26 20:34:32.181615"
  type: "purchase"
  Assets:Inventory:Bar              -1 CHIP
  Liabilities:Bar:Members:On8wr      1 CHIP
  Liabilities:Bar:Members:On8wr   1.00 EUR 
  Income:Bar                     -1.00 EUR 

2022-05-26 txn "On8wr bought 1 items for €1.50"
  timestamp: "2022-05-26 20:35:05.202373"
  type: "purchase"
  Assets:Inventory:Bar              -1 SCHWEPPES
  Liabilities:Bar:Members:On8wr      1 SCHWEPPES
  Liabilities:Bar:Members:On8wr   1.50 EUR      
  Income:Bar                     -1.50 EUR      

2022-05-26 txn "Bloemist bought 1 items for €2.00"
  timestamp: "2022-05-26 20:35:37.633492"
  type: "purchase"
  Assets:Inventory:Bar                 -1 FRITZ
  Liabilities:Bar:Members:Bloemist      1 FRITZ
  Liabilities:Bar:Members:Bloemist   2.00 EUR  
  Income:Bar                        -2.00 EUR  

2022-05-26 txn "Koen bought 2 items for €2.00"
  timestamp: "2022-05-26 20:36:35.772962"
  type: "purchase"
  Assets:Inventory:Bar             -2 CHIP
  Liabilities:Bar:Members:Koen      2 CHIP
  Liabilities:Bar:Members:Koen   2.00 EUR 
  Income:Bar                    -2.00 EUR 

2022-05-26 txn "Koen deposited €0.50"
  timestamp: "2022-05-26 20:54:15.041031"
  type: "deposit"
  Liabilities:Bar:Members:Koen  -0.50 EUR
  Assets:Cash:Bar                0.50 EUR

2022-05-26 txn "Koen deposited €1.00"
  timestamp: "2022-05-26 20:55:03.919288"
  type: "deposit"
  Liabilities:Bar:Members:Koen  -1.00 EUR
  Assets:Cash:Bar                1.00 EUR

2022-05-26 txn "Fearless bought 1 items for €1.50"
  timestamp: "2022-05-26 21:21:44.290121"
  type: "purchase"
  Assets:Inventory:Bar                 -1 ICETEA
  Liabilities:Bar:Members:Fearless      1 ICETEA
  Liabilities:Bar:Members:Fearless   1.50 EUR   
  Income:Bar                        -1.50 EUR   

2022-05-26 txn "Miker bought 1 items for €1.50"
  timestamp: "2022-05-26 21:51:10.630936"
  type: "purchase"
  Assets:Inventory:Bar              -1 JUPILER
  Liabilities:Bar:Members:Miker      1 JUPILER
  Liabilities:Bar:Members:Miker   1.50 EUR    
  Income:Bar                     -1.50 EUR    

2022-05-26 txn "Miker deposited €50.00"
  timestamp: "2022-05-26 21:51:50.031918"
  type: "deposit"
  Liabilities:Bar:Members:Miker  -50.00 EUR
  Assets:Cash:Bar                 50.00 EUR

2022-05-26 txn "Nachtvlinder bought 2 items for €2.60"
  timestamp: "2022-05-26 22:14:45.306463"
  type: "purchase"
  Assets:Inventory:Bar             -1 FRITZ 
  Liabilities:Bar:Members:Maja      1 FRITZ 
  Assets:Inventory:Bar             -1 BOUNTY
  Liabilities:Bar:Members:Maja      1 BOUNTY
  Liabilities:Bar:Members:Maja   2.60 EUR   
  Income:Bar                    -2.60 EUR   

2022-05-26 txn "Fearless bought 1 items for €2.00"
  timestamp: "2022-05-26 22:17:07.385224"
  type: "purchase"
  Assets:Inventory:Bar                 -1 FRITZ
  Liabilities:Bar:Members:Fearless      1 FRITZ
  Liabilities:Bar:Members:Fearless   2.00 EUR  
  Income:Bar                        -2.00 EUR  

2022-05-26 txn "Koen gave Bloemist a gift of €10.50"
  timestamp: "2022-05-26 23:00:50.117778"
  type: "transfer"
  Liabilities:Bar:Members:Koen       10.50 EUR
  Liabilities:Bar:Members:Bloemist  -10.50 EUR

2022-05-26 txn "Koen deposited €12.00"
  timestamp: "2022-05-26 23:02:14.273085"
  type: "deposit"
  Liabilities:Bar:Members:Koen  -12.00 EUR
  Assets:Cash:Bar                12.00 EUR

2022-05-26 txn "On8wr gave Bloemist a gift of €13.30"
  timestamp: "2022-05-26 23:02:34.401043"
  type: "transfer"
  Liabilities:Bar:Members:On8wr      13.30 EUR
  Liabilities:Bar:Members:Bloemist  -13.30 EUR

2022-05-26 txn "On8wr deposited €10.00"
  timestamp: "2022-05-26 23:13:52.091949"
  type: "deposit"
  Liabilities:Bar:Members:On8wr  -10.00 EUR
  Assets:Cash:Bar                 10.00 EUR

2022-05-26 txn "On8wr bought 1 items for €2.00"
  timestamp: "2022-05-26 23:14:37.614610"
  type: "purchase"
  Assets:Inventory:Bar              -1 FRITZ
  Liabilities:Bar:Members:On8wr      1 FRITZ
  Liabilities:Bar:Members:On8wr   2.00 EUR  
  Income:Bar                     -2.00 EUR  

2022-05-26 txn "Bloemist bought 2 items for €3.00"
  timestamp: "2022-05-26 23:20:27.930353"
  type: "purchase"
  Assets:Inventory:Bar                 -2 SCHWEPPES
  Liabilities:Bar:Members:Bloemist      2 SCHWEPPES
  Liabilities:Bar:Members:Bloemist   3.00 EUR      
  Income:Bar                        -3.00 EUR      

2022-05-27 txn "Nachtvlinder bought 4 items for €4.70"
  timestamp: "2022-05-27 18:27:33.357054"
  type: "purchase"
  Assets:Inventory:Bar             -1 CM    
  Liabilities:Bar:Members:Maja      1 CM    
  Assets:Inventory:Bar             -1 ICETEA
  Liabilities:Bar:Members:Maja      1 ICETEA
  Assets:Inventory:Bar             -2 BOUNTY
  Liabilities:Bar:Members:Maja      2 BOUNTY
  Liabilities:Bar:Members:Maja   4.70 EUR   
  Income:Bar                    -4.70 EUR   

2022-05-27 txn "Nachtvlinder bought 1 items for €2.00"
  timestamp: "2022-05-27 20:09:26.255828"
  type: "purchase"
  Assets:Inventory:Bar             -1 FRITZ
  Liabilities:Bar:Members:Maja      1 FRITZ
  Liabilities:Bar:Members:Maja   2.00 EUR  
  Income:Bar                    -2.00 EUR  

2022-05-28 txn "Carro​armato0 bought 3 items for €1.80"
  timestamp: "2022-05-28 08:24:44.682616"
  type: "purchase"
  Assets:Inventory:Bar                     -1 KITKAT  
  Liabilities:Bar:Members:Carroarmato0      1 KITKAT  
  Assets:Inventory:Bar                     -1 SNICKERS
  Liabilities:Bar:Members:Carroarmato0      1 SNICKERS
  Assets:Inventory:Bar                     -1 SNACK   
  Liabilities:Bar:Members:Carroarmato0      1 SNACK   
  Liabilities:Bar:Members:Carroarmato0   1.80 EUR     
  Income:Bar                            -1.80 EUR     

2022-05-28 txn "Carro​armato0 bought 2 items for €1.20"
  timestamp: "2022-05-28 10:45:43.122301"
  type: "purchase"
  Assets:Inventory:Bar                     -1 KITKAT  
  Liabilities:Bar:Members:Carroarmato0      1 KITKAT  
  Assets:Inventory:Bar                     -1 SNICKERS
  Liabilities:Bar:Members:Carroarmato0      1 SNICKERS
  Liabilities:Bar:Members:Carroarmato0   1.20 EUR     
  Income:Bar                            -1.20 EUR     

2022-05-28 txn "Nachtvlinder bought 2 items for €2.60"
  timestamp: "2022-05-28 17:19:40.953357"
  type: "purchase"
  Assets:Inventory:Bar             -1 FRITZ 
  Liabilities:Bar:Members:Maja      1 FRITZ 
  Assets:Inventory:Bar             -1 BOUNTY
  Liabilities:Bar:Members:Maja      1 BOUNTY
  Liabilities:Bar:Members:Maja   2.60 EUR   
  Income:Bar                    -2.60 EUR   

2022-05-28 txn "Nachtvlinder bought 2 items for €2.50"
  timestamp: "2022-05-28 18:09:16.660964"
  type: "purchase"
  Assets:Inventory:Bar             -1 COKE
  Liabilities:Bar:Members:Maja      1 COKE
  Assets:Inventory:Bar             -1 CHIP
  Liabilities:Bar:Members:Maja      1 CHIP
  Liabilities:Bar:Members:Maja   2.50 EUR 
  Income:Bar                    -2.50 EUR 

2022-05-29 txn "Nachtvlinder bought 2 items for €2.60"
  timestamp: "2022-05-29 04:47:22.689375"
  type: "purchase"
  Assets:Inventory:Bar             -1 FRITZ
  Liabilities:Bar:Members:Maja      1 FRITZ
  Assets:Inventory:Bar             -1 SNACK
  Liabilities:Bar:Members:Maja      1 SNACK
  Liabilities:Bar:Members:Maja   2.60 EUR  
  Income:Bar                    -2.60 EUR  

