2022-07-28 txn "Bloemist bought 1 items for €1.00"
  timestamp: "2022-07-28 15:36:48.277016"
  type: "purchase"
  Assets:Inventory:Bar                 -1 ICE_CREAM
  Liabilities:Bar:Members:Bloemist      1 ICE_CREAM
  Liabilities:Bar:Members:Bloemist   1.00 EUR      
  Income:Bar                        -1.00 EUR      

2022-07-28 txn "DJefke bought 1 items for €2.00"
  timestamp: "2022-07-28 15:37:01.356084"
  type: "purchase"
  Assets:Inventory:Bar               -1 CM 
  Liabilities:Bar:Members:DJefke      1 CM 
  Liabilities:Bar:Members:DJefke   2.00 EUR
  Income:Bar                      -2.00 EUR

2022-07-28 txn "Evils bought 1 items for €1.00"
  timestamp: "2022-07-28 15:37:44.541239"
  type: "purchase"
  Assets:Inventory:Bar              -1 ICE_CREAM
  Liabilities:Bar:Members:Elvis      1 ICE_CREAM
  Liabilities:Bar:Members:Elvis   1.00 EUR      
  Income:Bar                     -1.00 EUR      

2022-07-28 txn "Bloemist bought 1 items for €1.00"
  timestamp: "2022-07-28 17:15:08.874343"
  type: "purchase"
  Assets:Inventory:Bar                 -1 ICE_CREAM
  Liabilities:Bar:Members:Bloemist      1 ICE_CREAM
  Liabilities:Bar:Members:Bloemist   1.00 EUR      
  Income:Bar                        -1.00 EUR      

2022-07-28 txn "--CASH-- bought 1 items for €1.00"
  timestamp: "2022-07-28 17:19:32.210207"
  type: "purchase"
  Assets:Inventory:Bar     -1 ICE_CREAM
  Assets:Cash:Bar           1 ICE_CREAM
  Assets:Cash:Bar        1.00 EUR      
  Income:Bar            -1.00 EUR      

2022-07-28 txn "--CASH-- bought 1 items for €1.00"
  timestamp: "2022-07-28 17:30:07.628183"
  type: "purchase"
  Assets:Inventory:Bar     -1 ICE_CREAM
  Assets:Cash:Bar           1 ICE_CREAM
  Assets:Cash:Bar        1.00 EUR      
  Income:Bar            -1.00 EUR      

2022-07-28 txn "DJefke bought 1 items for €1.50"
  timestamp: "2022-07-28 17:35:33.533116"
  type: "purchase"
  Assets:Inventory:Bar               -1 FANTA
  Liabilities:Bar:Members:DJefke      1 FANTA
  Liabilities:Bar:Members:DJefke   1.50 EUR  
  Income:Bar                      -1.50 EUR  

2022-07-28 txn "Yvan bought 1 items for €0.60"
  timestamp: "2022-07-28 17:40:04.060698"
  type: "purchase"
  Assets:Inventory:Bar             -1 SNACK
  Liabilities:Bar:Members:Yvan      1 SNACK
  Liabilities:Bar:Members:Yvan   0.60 EUR  
  Income:Bar                    -0.60 EUR  

2022-07-28 txn "Yvan bought 1 items for €1.50"
  timestamp: "2022-07-28 17:58:26.086573"
  type: "purchase"
  Assets:Inventory:Bar             -1 ICETEA
  Liabilities:Bar:Members:Yvan      1 ICETEA
  Liabilities:Bar:Members:Yvan   1.50 EUR   
  Income:Bar                    -1.50 EUR   

2022-07-28 txn "--CASH-- bought 1 items for €1.50"
  timestamp: "2022-07-28 18:05:56.086649"
  type: "purchase"
  Assets:Inventory:Bar     -1 ICETEA
  Assets:Cash:Bar           1 ICETEA
  Assets:Cash:Bar        1.50 EUR   
  Income:Bar            -1.50 EUR   

2022-07-28 txn "Miker bought 1 items for €2.00"
  timestamp: "2022-07-28 19:08:44.787799"
  type: "purchase"
  Assets:Inventory:Bar              -1 CM 
  Liabilities:Bar:Members:Miker      1 CM 
  Liabilities:Bar:Members:Miker   2.00 EUR
  Income:Bar                     -2.00 EUR

2022-07-28 txn "--CASH-- bought 1 items for €1.50"
  timestamp: "2022-07-28 19:12:10.337506"
  type: "purchase"
  Assets:Inventory:Bar     -1 ICETEA
  Assets:Cash:Bar           1 ICETEA
  Assets:Cash:Bar        1.50 EUR   
  Income:Bar            -1.50 EUR   

2022-07-28 txn "Sander bought 1 items for €1.50"
  timestamp: "2022-07-28 19:40:31.125971"
  type: "purchase"
  Assets:Inventory:Bar               -1 COKE
  Liabilities:Bar:Members:Sander      1 COKE
  Liabilities:Bar:Members:Sander   1.50 EUR 
  Income:Bar                      -1.50 EUR 

2022-07-28 txn "DJefke deposited €20.00"
  timestamp: "2022-07-28 19:53:23.932433"
  type: "deposit"
  Liabilities:Bar:Members:DJefke  -20.00 EUR
  Assets:Cash:Bar                  20.00 EUR

2022-07-28 txn "Carro​armato0 bought 2 items for €3.50"
  timestamp: "2022-07-28 19:59:20.144636"
  type: "purchase"
  Assets:Inventory:Bar                     -1 CM    
  Liabilities:Bar:Members:Carroarmato0      1 CM    
  Assets:Inventory:Bar                     -1 ICETEA
  Liabilities:Bar:Members:Carroarmato0      1 ICETEA
  Liabilities:Bar:Members:Carroarmato0   3.50 EUR   
  Income:Bar                            -3.50 EUR   

2022-07-28 txn "Carro​armato0 bought 1 items for €1.50"
  timestamp: "2022-07-28 20:02:10.483213"
  type: "purchase"
  Assets:Inventory:Bar                     -1 ICETEA
  Liabilities:Bar:Members:Carroarmato0      1 ICETEA
  Liabilities:Bar:Members:Carroarmato0   1.50 EUR   
  Income:Bar                            -1.50 EUR   

2022-07-28 txn "--CASH-- bought 1 items for €2.00"
  timestamp: "2022-07-28 20:14:36.276561"
  type: "purchase"
  Assets:Inventory:Bar     -1 CMRED
  Assets:Cash:Bar           1 CMRED
  Assets:Cash:Bar        2.00 EUR  
  Income:Bar            -2.00 EUR  

2022-07-28 txn "Evils gave Sander a gift of €8.30"
  timestamp: "2022-07-28 20:26:43.619879"
  type: "transfer"
  Liabilities:Bar:Members:Elvis    8.30 EUR
  Liabilities:Bar:Members:Sander  -8.30 EUR

2022-07-28 txn "Evils bought 1 items for €0.60"
  timestamp: "2022-07-28 20:27:10.500235"
  type: "purchase"
  Assets:Inventory:Bar              -1 EXPIRED_DRINK
  Liabilities:Bar:Members:Elvis      1 EXPIRED_DRINK
  Liabilities:Bar:Members:Elvis   0.60 EUR          
  Income:Bar                     -0.60 EUR          

2022-07-28 txn "--CASH-- bought 4 items for €8.00"
  timestamp: "2022-07-28 20:31:06.142521"
  type: "purchase"
  Assets:Inventory:Bar     -1 CMRED
  Assets:Cash:Bar           1 CMRED
  Assets:Inventory:Bar     -3 CM   
  Assets:Cash:Bar           3 CM   
  Assets:Cash:Bar        8.00 EUR  
  Income:Bar            -8.00 EUR  

2022-07-28 txn "DJefke bought 2 items for €4.00"
  timestamp: "2022-07-28 20:33:07.528192"
  type: "purchase"
  Assets:Inventory:Bar               -1 PASSPORT
  Liabilities:Bar:Members:DJefke      1 PASSPORT
  Assets:Inventory:Bar               -1 FANTA   
  Liabilities:Bar:Members:DJefke      1 FANTA   
  Liabilities:Bar:Members:DJefke   4.00 EUR     
  Liabilities:Bar:Members:Bart    -1.20 EUR     
  Income:Bar                      -2.80 EUR     

2022-07-28 txn "DJefke deposited €4.00"
  timestamp: "2022-07-28 20:34:33.835392"
  type: "deposit"
  Liabilities:Bar:Members:DJefke  -4.00 EUR
  Assets:Cash:Bar                  4.00 EUR

2022-07-28 txn "DJefke bought 1 items for €1.50"
  timestamp: "2022-07-28 20:34:48.124128"
  type: "purchase"
  Assets:Inventory:Bar               -1 FANTA
  Liabilities:Bar:Members:DJefke      1 FANTA
  Liabilities:Bar:Members:DJefke   1.50 EUR  
  Income:Bar                      -1.50 EUR  

2022-07-28 txn "Sander bought 1 items for €1.50"
  timestamp: "2022-07-28 20:44:19.627291"
  type: "purchase"
  Assets:Inventory:Bar               -1 COKE
  Liabilities:Bar:Members:Sander      1 COKE
  Liabilities:Bar:Members:Sander   1.50 EUR 
  Income:Bar                      -1.50 EUR 

2022-07-28 txn "Carro​armato0 bought 1 items for €0.60"
  timestamp: "2022-07-28 21:08:46.881248"
  type: "purchase"
  Assets:Inventory:Bar                     -1 KITKAT
  Liabilities:Bar:Members:Carroarmato0      1 KITKAT
  Liabilities:Bar:Members:Carroarmato0   0.60 EUR   
  Income:Bar                            -0.60 EUR   

2022-07-28 txn "Miker bought 1 items for €0.60"
  timestamp: "2022-07-28 21:32:19.180614"
  type: "purchase"
  Assets:Inventory:Bar              -1 KITKAT
  Liabilities:Bar:Members:Miker      1 KITKAT
  Liabilities:Bar:Members:Miker   0.60 EUR   
  Income:Bar                     -0.60 EUR   

2022-07-28 txn "Miker bought 1 items for €0.60"
  timestamp: "2022-07-28 21:37:12.154629"
  type: "purchase"
  Assets:Inventory:Bar              -1 LEO
  Liabilities:Bar:Members:Miker      1 LEO
  Liabilities:Bar:Members:Miker   0.60 EUR
  Income:Bar                     -0.60 EUR

2022-07-28 txn "3D-printer deposited €10.00"
  timestamp: "2022-07-28 22:01:15.153458"
  type: "deposit"
  Liabilities:Bar:Members:3D-printer  -10.00 EUR
  Assets:Cash:Bar                      10.00 EUR

2022-07-30 txn "Carro​armato0 bought 2 items for €2.10"
  timestamp: "2022-07-30 17:59:10.571049"
  type: "purchase"
  Assets:Inventory:Bar                     -1 FANTA 
  Liabilities:Bar:Members:Carroarmato0      1 FANTA 
  Assets:Inventory:Bar                     -1 KITKAT
  Liabilities:Bar:Members:Carroarmato0      1 KITKAT
  Liabilities:Bar:Members:Carroarmato0   2.10 EUR   
  Income:Bar                            -2.10 EUR   

2022-07-30 txn "Carro​armato0 bought 3 items for €2.70"
  timestamp: "2022-07-30 19:49:35.547596"
  type: "purchase"
  Assets:Inventory:Bar                     -1 FANTA 
  Liabilities:Bar:Members:Carroarmato0      1 FANTA 
  Assets:Inventory:Bar                     -1 BOUNTY
  Liabilities:Bar:Members:Carroarmato0      1 BOUNTY
  Assets:Inventory:Bar                     -1 LEO   
  Liabilities:Bar:Members:Carroarmato0      1 LEO   
  Liabilities:Bar:Members:Carroarmato0   2.70 EUR   
  Income:Bar                            -2.70 EUR   

2022-07-30 txn "Carro​armato0 bought 3 items for €2.70"
  timestamp: "2022-07-30 21:39:43.568166"
  type: "purchase"
  Assets:Inventory:Bar                     -1 SCHWEPPES
  Liabilities:Bar:Members:Carroarmato0      1 SCHWEPPES
  Assets:Inventory:Bar                     -1 LEO      
  Liabilities:Bar:Members:Carroarmato0      1 LEO      
  Assets:Inventory:Bar                     -1 KITKAT   
  Liabilities:Bar:Members:Carroarmato0      1 KITKAT   
  Liabilities:Bar:Members:Carroarmato0   2.70 EUR      
  Income:Bar                            -2.70 EUR      

2022-08-01 txn "Yvan bought 1 items for €0.60"
  timestamp: "2022-08-01 14:08:01.770470"
  type: "purchase"
  Assets:Inventory:Bar             -1 SNACK
  Liabilities:Bar:Members:Yvan      1 SNACK
  Liabilities:Bar:Members:Yvan   0.60 EUR  
  Income:Bar                    -0.60 EUR  

2022-08-02 txn "Yvan bought 1 items for €1.50"
  timestamp: "2022-08-02 20:04:29.333879"
  type: "purchase"
  Assets:Inventory:Bar             -1 ICETEA
  Liabilities:Bar:Members:Yvan      1 ICETEA
  Liabilities:Bar:Members:Yvan   1.50 EUR   
  Income:Bar                    -1.50 EUR   

2022-08-03 txn "Els bought 1 items for €1.50"
  timestamp: "2022-08-03 13:52:51.428421"
  type: "purchase"
  Assets:Inventory:Bar            -1 ICETEA
  Liabilities:Bar:Members:Els      1 ICETEA
  Liabilities:Bar:Members:Els   1.50 EUR   
  Income:Bar                   -1.50 EUR   

2022-08-03 txn "Yvan bought 1 items for €0.60"
  timestamp: "2022-08-03 13:59:22.731462"
  type: "purchase"
  Assets:Inventory:Bar             -1 SNACK
  Liabilities:Bar:Members:Yvan      1 SNACK
  Liabilities:Bar:Members:Yvan   0.60 EUR  
  Income:Bar                    -0.60 EUR  

2022-08-03 txn "Els bought 2 items for €3.00"
  timestamp: "2022-08-03 14:47:53.907146"
  type: "purchase"
  Assets:Inventory:Bar            -1 ICETEA
  Liabilities:Bar:Members:Els      1 ICETEA
  Assets:Inventory:Bar            -1 FANTA 
  Liabilities:Bar:Members:Els      1 FANTA 
  Liabilities:Bar:Members:Els   3.00 EUR   
  Income:Bar                   -3.00 EUR   

2022-08-04 txn "Evils bought 1 items for €0.60"
  timestamp: "2022-08-04 16:45:51.181045"
  type: "purchase"
  Assets:Inventory:Bar              -1 EXPIRED_DRINK
  Liabilities:Bar:Members:Elvis      1 EXPIRED_DRINK
  Liabilities:Bar:Members:Elvis   0.60 EUR          
  Income:Bar                     -0.60 EUR          

2022-08-04 txn "Thomas gave Evils a gift of €6.00"
  timestamp: "2022-08-04 16:47:26.743220"
  type: "transfer"
  Liabilities:Bar:Members:Thomas   6.00 EUR
  Liabilities:Bar:Members:Elvis   -6.00 EUR

2022-08-04 txn "Bloemist bought 1 items for €1.50"
  timestamp: "2022-08-04 18:01:46.179826"
  type: "purchase"
  Assets:Inventory:Bar                 -1 ICETEA
  Liabilities:Bar:Members:Bloemist      1 ICETEA
  Liabilities:Bar:Members:Bloemist   1.50 EUR   
  Income:Bar                        -1.50 EUR   

2022-08-04 txn "Thomas bought 1 items for €1.50"
  timestamp: "2022-08-04 18:10:02.383779"
  type: "purchase"
  Assets:Inventory:Bar               -1 HG 
  Liabilities:Bar:Members:Thomas      1 HG 
  Liabilities:Bar:Members:Thomas   1.50 EUR
  Income:Bar                      -1.50 EUR

2022-08-04 txn "--CASH-- bought 2 items for €3.50"
  timestamp: "2022-08-04 18:21:03.844249"
  type: "purchase"
  Assets:Inventory:Bar     -1 ICETEA
  Assets:Cash:Bar           1 ICETEA
  Assets:Inventory:Bar     -1 CMRED 
  Assets:Cash:Bar           1 CMRED 
  Assets:Cash:Bar        3.50 EUR   
  Income:Bar            -3.50 EUR   

2022-08-04 txn "Koen gave Thomas a gift of €4.00"
  timestamp: "2022-08-04 18:32:56.516708"
  type: "transfer"
  Liabilities:Bar:Members:Koen     4.00 EUR
  Liabilities:Bar:Members:Thomas  -4.00 EUR

2022-08-04 txn "Thomas bought 1 items for €1.50"
  timestamp: "2022-08-04 18:59:48.259421"
  type: "purchase"
  Assets:Inventory:Bar               -1 HG 
  Liabilities:Bar:Members:Thomas      1 HG 
  Liabilities:Bar:Members:Thomas   1.50 EUR
  Income:Bar                      -1.50 EUR

2022-08-04 txn "Thomas bought 1 items for €1.50"
  timestamp: "2022-08-04 19:51:16.495446"
  type: "purchase"
  Assets:Inventory:Bar               -1 HG 
  Liabilities:Bar:Members:Thomas      1 HG 
  Liabilities:Bar:Members:Thomas   1.50 EUR
  Income:Bar                      -1.50 EUR

2022-08-04 txn "Thomas bought 1 items for €0.60"
  timestamp: "2022-08-04 19:51:56.753684"
  type: "purchase"
  Assets:Inventory:Bar               -1 TWIX
  Liabilities:Bar:Members:Thomas      1 TWIX
  Liabilities:Bar:Members:Thomas   0.60 EUR 
  Income:Bar                      -0.60 EUR 

2022-08-04 txn "--CASH-- bought 1 items for €1.00"
  timestamp: "2022-08-04 20:38:50.517041"
  type: "purchase"
  Assets:Inventory:Bar     -1 ICE_CREAM
  Assets:Cash:Bar           1 ICE_CREAM
  Assets:Cash:Bar        1.00 EUR      
  Income:Bar            -1.00 EUR      

2022-08-04 txn "Thomas bought 1 items for €1.50"
  timestamp: "2022-08-04 20:54:36.419541"
  type: "purchase"
  Assets:Inventory:Bar               -1 HG 
  Liabilities:Bar:Members:Thomas      1 HG 
  Liabilities:Bar:Members:Thomas   1.50 EUR
  Income:Bar                      -1.50 EUR

2022-08-04 txn "Thomas bought 1 items for €1.00"
  timestamp: "2022-08-04 21:12:37.782079"
  type: "purchase"
  Assets:Inventory:Bar               -1 CHIP
  Liabilities:Bar:Members:Thomas      1 CHIP
  Liabilities:Bar:Members:Thomas   1.00 EUR 
  Income:Bar                      -1.00 EUR 

2022-08-04 txn "Koen bought 1 items for €1.50"
  timestamp: "2022-08-04 21:18:46.296676"
  type: "purchase"
  Assets:Inventory:Bar             -1 HG 
  Liabilities:Bar:Members:Koen      1 HG 
  Liabilities:Bar:Members:Koen   1.50 EUR
  Income:Bar                    -1.50 EUR

2022-08-04 txn "Evils bought 1 items for €1.00"
  timestamp: "2022-08-04 21:19:18.127127"
  type: "purchase"
  Assets:Inventory:Bar              -1 CHIP
  Liabilities:Bar:Members:Elvis      1 CHIP
  Liabilities:Bar:Members:Elvis   1.00 EUR 
  Income:Bar                     -1.00 EUR 

2022-08-04 txn "Koen deposited €10.00"
  timestamp: "2022-08-04 21:24:18.841705"
  type: "deposit"
  Liabilities:Bar:Members:Koen  -10.00 EUR
  Assets:Cash:Bar                10.00 EUR

2022-08-04 txn "Thomas deposited €20.00"
  timestamp: "2022-08-04 21:27:46.225248"
  type: "deposit"
  Liabilities:Bar:Members:Thomas  -20.00 EUR
  Assets:Cash:Bar                  20.00 EUR

2022-08-04 txn "Evils bought 1 items for €0.60"
  timestamp: "2022-08-04 21:49:23.834266"
  type: "purchase"
  Assets:Inventory:Bar              -1 TWIX
  Liabilities:Bar:Members:Elvis      1 TWIX
  Liabilities:Bar:Members:Elvis   0.60 EUR 
  Income:Bar                     -0.60 EUR 

