2023-05-14 txn "Koen bought 1 items for €1.50"
  timestamp: "2023-05-14 10:34:14.044205"
  type: "purchase"
  Assets:Inventory:Bar             -1 SODA
  Liabilities:Bar:Members:Koen      1 SODA
  Liabilities:Bar:Members:Koen   1.50 EUR 
  Income:Bar                    -1.50 EUR 

2023-05-14 txn "Sander bought 1 items for €1.50"
  timestamp: "2023-05-14 14:06:13.419765"
  type: "purchase"
  Assets:Inventory:Bar               -1 SODA
  Liabilities:Bar:Members:Sander      1 SODA
  Liabilities:Bar:Members:Sander   1.50 EUR 
  Income:Bar                      -1.50 EUR 

2023-05-14 txn "Sander bought 1 items for €2.50"
  timestamp: "2023-05-14 14:53:44.269975"
  type: "purchase"
  Assets:Inventory:Bar               -1 GERMAN
  Liabilities:Bar:Members:Sander      1 GERMAN
  Liabilities:Bar:Members:Sander   2.50 EUR   
  Income:Bar                      -2.50 EUR   

2023-05-14 txn "Koen bought 1 items for €1.50"
  timestamp: "2023-05-14 14:55:33.169610"
  type: "purchase"
  Assets:Inventory:Bar             -1 BEER
  Liabilities:Bar:Members:Koen      1 BEER
  Liabilities:Bar:Members:Koen   1.50 EUR 
  Income:Bar                    -1.50 EUR 

2023-05-14 txn "DJefke bought 2 items for €5.00"
  timestamp: "2023-05-14 16:34:36.505906"
  type: "purchase"
  Assets:Inventory:Bar               -2 GERMAN
  Liabilities:Bar:Members:DJefke      2 GERMAN
  Liabilities:Bar:Members:DJefke   5.00 EUR   
  Income:Bar                      -5.00 EUR   

2023-05-14 txn "Fearless bought 1 items for €1.50"
  timestamp: "2023-05-14 16:35:46.743851"
  type: "purchase"
  Assets:Inventory:Bar                 -1 BEER
  Liabilities:Bar:Members:Fearless      1 BEER
  Liabilities:Bar:Members:Fearless   1.50 EUR 
  Income:Bar                        -1.50 EUR 

2023-05-14 txn "Koen bought 1 items for €1.50"
  timestamp: "2023-05-14 16:37:48.481475"
  type: "purchase"
  Assets:Inventory:Bar             -1 SODA
  Liabilities:Bar:Members:Koen      1 SODA
  Liabilities:Bar:Members:Koen   1.50 EUR 
  Income:Bar                    -1.50 EUR 

2023-05-14 txn "Yvan bought 2 items for €5.00"
  timestamp: "2023-05-14 16:48:35.647427"
  type: "purchase"
  Assets:Inventory:Bar             -2 GERMAN
  Liabilities:Bar:Members:Yvan      2 GERMAN
  Liabilities:Bar:Members:Yvan   5.00 EUR   
  Income:Bar                    -5.00 EUR   

2023-05-14 txn "Sander bought 1 items for €1.50"
  timestamp: "2023-05-14 16:59:25.162839"
  type: "purchase"
  Assets:Inventory:Bar               -1 SODA
  Liabilities:Bar:Members:Sander      1 SODA
  Liabilities:Bar:Members:Sander   1.50 EUR 
  Income:Bar                      -1.50 EUR 

2023-05-14 txn "Nachtvlinder bought 1 items for €1.50"
  timestamp: "2023-05-14 17:04:26.174247"
  type: "purchase"
  Assets:Inventory:Bar             -1 SODA
  Liabilities:Bar:Members:Maja      1 SODA
  Liabilities:Bar:Members:Maja   1.50 EUR 
  Income:Bar                    -1.50 EUR 

2023-05-14 txn "Els bought 1 items for €1.50"
  timestamp: "2023-05-14 17:17:26.485468"
  type: "purchase"
  Assets:Inventory:Bar            -1 SODA
  Liabilities:Bar:Members:Els      1 SODA
  Liabilities:Bar:Members:Els   1.50 EUR 
  Income:Bar                   -1.50 EUR 

2023-05-14 txn "Koen bought 1 items for €1.50"
  timestamp: "2023-05-14 17:48:47.151862"
  type: "purchase"
  Assets:Inventory:Bar             -1 BEER
  Liabilities:Bar:Members:Koen      1 BEER
  Liabilities:Bar:Members:Koen   1.50 EUR 
  Income:Bar                    -1.50 EUR 

2023-05-14 txn "Fearless bought 1 items for €1.50"
  timestamp: "2023-05-14 17:49:43.161701"
  type: "purchase"
  Assets:Inventory:Bar                 -1 BEER
  Liabilities:Bar:Members:Fearless      1 BEER
  Liabilities:Bar:Members:Fearless   1.50 EUR 
  Income:Bar                        -1.50 EUR 

2023-05-14 txn "DJefke bought 2 items for €5.00"
  timestamp: "2023-05-14 17:50:40.653571"
  type: "purchase"
  Assets:Inventory:Bar               -2 GERMAN
  Liabilities:Bar:Members:DJefke      2 GERMAN
  Liabilities:Bar:Members:DJefke   5.00 EUR   
  Income:Bar                      -5.00 EUR   

2023-05-14 txn "Nachtvlinder bought 1 items for €2.50"
  timestamp: "2023-05-14 18:03:26.575615"
  type: "purchase"
  Assets:Inventory:Bar             -1 GERMAN
  Liabilities:Bar:Members:Maja      1 GERMAN
  Liabilities:Bar:Members:Maja   2.50 EUR   
  Income:Bar                    -2.50 EUR   

2023-05-14 txn "Yvan bought 1 items for €2.50"
  timestamp: "2023-05-14 18:37:09.140000"
  type: "purchase"
  Assets:Inventory:Bar             -1 GERMAN
  Liabilities:Bar:Members:Yvan      1 GERMAN
  Liabilities:Bar:Members:Yvan   2.50 EUR   
  Income:Bar                    -2.50 EUR   

2023-05-14 txn "Koen bought 1 items for €1.50"
  timestamp: "2023-05-14 18:50:03.949407"
  type: "purchase"
  Assets:Inventory:Bar             -1 BEER
  Liabilities:Bar:Members:Koen      1 BEER
  Liabilities:Bar:Members:Koen   1.50 EUR 
  Income:Bar                    -1.50 EUR 

2023-05-14 txn "Sander bought 1 items for €1.50"
  timestamp: "2023-05-14 19:19:33.597796"
  type: "purchase"
  Assets:Inventory:Bar               -1 SODA
  Liabilities:Bar:Members:Sander      1 SODA
  Liabilities:Bar:Members:Sander   1.50 EUR 
  Income:Bar                      -1.50 EUR 

2023-05-14 txn "Koen bought 1 items for €1.50"
  timestamp: "2023-05-14 19:23:04.460615"
  type: "purchase"
  Assets:Inventory:Bar             -1 BEER
  Liabilities:Bar:Members:Koen      1 BEER
  Liabilities:Bar:Members:Koen   1.50 EUR 
  Income:Bar                    -1.50 EUR 

2023-05-14 txn "Nachtvlinder bought 1 items for €2.50"
  timestamp: "2023-05-14 19:27:00.295740"
  type: "purchase"
  Assets:Inventory:Bar             -1 GERMAN
  Liabilities:Bar:Members:Maja      1 GERMAN
  Liabilities:Bar:Members:Maja   2.50 EUR   
  Income:Bar                    -2.50 EUR   

2023-05-14 txn "qwaxys bought 2 items for €5.00"
  timestamp: "2023-05-14 19:43:47.701522"
  type: "purchase"
  Assets:Inventory:Bar             -2 GERMAN
  Liabilities:Bar:Members:Bart      2 GERMAN
  Liabilities:Bar:Members:Bart   5.00 EUR   
  Income:Bar                    -5.00 EUR   

2023-05-14 txn "qwaxys deposited €5.00"
  timestamp: "2023-05-14 19:44:03.362623"
  type: "deposit"
  Liabilities:Bar:Members:Bart  -5.00 EUR
  Assets:Cash:Bar                5.00 EUR

2023-05-14 txn "Els bought 1 items for €2.50"
  timestamp: "2023-05-14 19:44:09.203679"
  type: "purchase"
  Assets:Inventory:Bar            -1 GERMAN
  Liabilities:Bar:Members:Els      1 GERMAN
  Liabilities:Bar:Members:Els   2.50 EUR   
  Income:Bar                   -2.50 EUR   

2023-05-14 txn "Bloemist bought 1 items for €1.50"
  timestamp: "2023-05-14 19:50:45.338946"
  type: "purchase"
  Assets:Inventory:Bar                 -1 BEER
  Liabilities:Bar:Members:Bloemist      1 BEER
  Liabilities:Bar:Members:Bloemist   1.50 EUR 
  Income:Bar                        -1.50 EUR 

2023-05-14 txn "Bloemist deposited €1.50"
  timestamp: "2023-05-14 19:50:53.177956"
  type: "deposit"
  Liabilities:Bar:Members:Bloemist  -1.50 EUR
  Assets:Cash:Bar                    1.50 EUR

2023-05-14 txn "Koen bought 1 items for €1.50"
  timestamp: "2023-05-14 19:51:02.479870"
  type: "purchase"
  Assets:Inventory:Bar             -1 BEER
  Liabilities:Bar:Members:Koen      1 BEER
  Liabilities:Bar:Members:Koen   1.50 EUR 
  Income:Bar                    -1.50 EUR 

2023-05-14 txn "Koen deposited €12.50"
  timestamp: "2023-05-14 20:12:40.471230"
  type: "deposit"
  Liabilities:Bar:Members:Koen  -12.50 EUR
  Assets:Cash:Bar                12.50 EUR

2023-05-16 txn "Nachtvlinder bought 1 items for €2.50"
  timestamp: "2023-05-16 15:25:56.229429"
  type: "purchase"
  Assets:Inventory:Bar             -1 GERMAN
  Liabilities:Bar:Members:Maja      1 GERMAN
  Liabilities:Bar:Members:Maja   2.50 EUR   
  Income:Bar                    -2.50 EUR   

2023-05-17 txn "Elfeera bought 1 items for €1.50"
  timestamp: "2023-05-17 16:19:50.084669"
  type: "purchase"
  Assets:Inventory:Bar                -1 SODA
  Liabilities:Bar:Members:Elfeera      1 SODA
  Liabilities:Bar:Members:Elfeera   1.50 EUR 
  Income:Bar                       -1.50 EUR 

2023-05-17 txn "DJefke bought 1 items for €2.50"
  timestamp: "2023-05-17 16:29:07.964083"
  type: "purchase"
  Assets:Inventory:Bar               -1 GERMAN
  Liabilities:Bar:Members:DJefke      1 GERMAN
  Liabilities:Bar:Members:DJefke   2.50 EUR   
  Income:Bar                      -2.50 EUR   

2023-05-17 txn "Elfeera bought 1 items for €2.50"
  timestamp: "2023-05-17 16:29:20.279965"
  type: "purchase"
  Assets:Inventory:Bar                -1 GERMAN
  Liabilities:Bar:Members:Elfeera      1 GERMAN
  Liabilities:Bar:Members:Elfeera   2.50 EUR   
  Income:Bar                       -2.50 EUR   

2023-05-18 txn "DJefke bought 1 items for €2.50"
  timestamp: "2023-05-18 17:38:32.583830"
  type: "purchase"
  Assets:Inventory:Bar               -1 GERMAN
  Liabilities:Bar:Members:DJefke      1 GERMAN
  Liabilities:Bar:Members:DJefke   2.50 EUR   
  Income:Bar                      -2.50 EUR   

2023-05-18 txn "DJefke bought 1 items for €2.50"
  timestamp: "2023-05-18 17:52:57.045382"
  type: "purchase"
  Assets:Inventory:Bar               -1 GERMAN
  Liabilities:Bar:Members:DJefke      1 GERMAN
  Liabilities:Bar:Members:DJefke   2.50 EUR   
  Income:Bar                      -2.50 EUR   

2023-05-18 txn "Elfeera bought 2 items for €3.10"
  timestamp: "2023-05-18 17:53:13.745310"
  type: "purchase"
  Assets:Inventory:Bar                -1 GERMAN
  Liabilities:Bar:Members:Elfeera      1 GERMAN
  Assets:Inventory:Bar                -1 SNACK 
  Liabilities:Bar:Members:Elfeera      1 SNACK 
  Liabilities:Bar:Members:Elfeera   3.10 EUR   
  Income:Bar                       -3.10 EUR   

2023-05-18 txn "Thijs bought 1 items for €3.00"
  timestamp: "2023-05-18 17:53:41.028661"
  type: "purchase"
  Assets:Inventory:Bar              -1 CM 
  Liabilities:Bar:Members:Thijs      1 CM 
  Liabilities:Bar:Members:Thijs   3.00 EUR
  Income:Bar                     -3.00 EUR

2023-05-18 txn "Wouter bought 2 items for €4.00"
  timestamp: "2023-05-18 17:59:26.739244"
  type: "purchase"
  Assets:Inventory:Bar               -1 CHIP
  Liabilities:Bar:Members:Wouter      1 CHIP
  Assets:Inventory:Bar               -1 CM  
  Liabilities:Bar:Members:Wouter      1 CM  
  Liabilities:Bar:Members:Wouter   4.00 EUR 
  Income:Bar                      -4.00 EUR 

2023-05-18 txn "Koen bought 1 items for €1.50"
  timestamp: "2023-05-18 18:40:12.262555"
  type: "purchase"
  Assets:Inventory:Bar             -1 BEER
  Liabilities:Bar:Members:Koen      1 BEER
  Liabilities:Bar:Members:Koen   1.50 EUR 
  Income:Bar                    -1.50 EUR 

2023-05-18 txn "--CASH-- bought 1 items for €2.50"
  timestamp: "2023-05-18 18:40:52.751878"
  type: "purchase"
  Assets:Inventory:Bar     -1 GERMAN
  Assets:Cash:Bar           1 GERMAN
  Assets:Cash:Bar        2.50 EUR   
  Income:Bar            -2.50 EUR   

2023-05-18 txn "Elfeera bought 2 items for €3.25"
  timestamp: "2023-05-18 18:41:29.911975"
  type: "purchase"
  Assets:Inventory:Bar                -1 WATER 
  Liabilities:Bar:Members:Elfeera      1 WATER 
  Assets:Inventory:Bar                -1 GERMAN
  Liabilities:Bar:Members:Elfeera      1 GERMAN
  Liabilities:Bar:Members:Elfeera   3.25 EUR   
  Income:Bar                       -3.25 EUR   

2023-05-18 txn "Nachtvlinder bought 2 items for €3.10"
  timestamp: "2023-05-18 18:42:43.181478"
  type: "purchase"
  Assets:Inventory:Bar             -1 GERMAN
  Liabilities:Bar:Members:Maja      1 GERMAN
  Assets:Inventory:Bar             -1 SNACK 
  Liabilities:Bar:Members:Maja      1 SNACK 
  Liabilities:Bar:Members:Maja   3.10 EUR   
  Income:Bar                    -3.10 EUR   

2023-05-18 txn "DJefke bought 1 items for €0.60"
  timestamp: "2023-05-18 18:45:55.032139"
  type: "purchase"
  Assets:Inventory:Bar               -1 SNACK
  Liabilities:Bar:Members:DJefke      1 SNACK
  Liabilities:Bar:Members:DJefke   0.60 EUR  
  Income:Bar                      -0.60 EUR  

2023-05-18 txn "Nachtvlinder gave Wouter a gift of €10.00"
  timestamp: "2023-05-18 18:47:09.460032"
  type: "transfer"
  Liabilities:Bar:Members:Maja     10.00 EUR
  Liabilities:Bar:Members:Wouter  -10.00 EUR

2023-05-18 txn "Nachtvlinder bought 2 items for €4.00"
  timestamp: "2023-05-18 18:47:38.577264"
  type: "purchase"
  Assets:Inventory:Bar             -1 GERMAN
  Liabilities:Bar:Members:Maja      1 GERMAN
  Assets:Inventory:Bar             -1 SODA  
  Liabilities:Bar:Members:Maja      1 SODA  
  Liabilities:Bar:Members:Maja   4.00 EUR   
  Income:Bar                    -4.00 EUR   

2023-05-18 txn "Wouter bought 2 items for €2.10"
  timestamp: "2023-05-18 18:48:09.893883"
  type: "purchase"
  Assets:Inventory:Bar               -1 SODA 
  Liabilities:Bar:Members:Wouter      1 SODA 
  Assets:Inventory:Bar               -1 SNACK
  Liabilities:Bar:Members:Wouter      1 SNACK
  Liabilities:Bar:Members:Wouter   2.10 EUR  
  Income:Bar                      -2.10 EUR  

2023-05-18 txn "Nachtvlinder bought 1 items for €0.60"
  timestamp: "2023-05-18 18:54:20.829109"
  type: "purchase"
  Assets:Inventory:Bar             -1 SNACK
  Liabilities:Bar:Members:Maja      1 SNACK
  Liabilities:Bar:Members:Maja   0.60 EUR  
  Income:Bar                    -0.60 EUR  

2023-05-18 txn "Fearless bought 1 items for €1.50"
  timestamp: "2023-05-18 19:17:31.823625"
  type: "purchase"
  Assets:Inventory:Bar                 -1 BEER
  Liabilities:Bar:Members:Fearless      1 BEER
  Liabilities:Bar:Members:Fearless   1.50 EUR 
  Income:Bar                        -1.50 EUR 

2023-05-18 txn "Elfeera bought 1 items for €1.50"
  timestamp: "2023-05-18 19:43:59.908528"
  type: "purchase"
  Assets:Inventory:Bar                -1 SODA
  Liabilities:Bar:Members:Elfeera      1 SODA
  Liabilities:Bar:Members:Elfeera   1.50 EUR 
  Income:Bar                       -1.50 EUR 

2023-05-18 txn "Elfeera deposited €20.00"
  timestamp: "2023-05-18 19:46:24.189699"
  type: "deposit"
  Liabilities:Bar:Members:Elfeera  -20.00 EUR
  Assets:Cash:Bar                   20.00 EUR

2023-05-18 txn "Err0r bought 1 items for €2.50"
  timestamp: "2023-05-18 19:50:12.793479"
  type: "purchase"
  Assets:Inventory:Bar              -1 GERMAN
  Liabilities:Bar:Members:Err0r      1 GERMAN
  Liabilities:Bar:Members:Err0r   2.50 EUR   
  Income:Bar                     -2.50 EUR   

2023-05-18 txn "DJefke bought 1 items for €2.50"
  timestamp: "2023-05-18 19:51:11.463074"
  type: "purchase"
  Assets:Inventory:Bar               -1 GERMAN
  Liabilities:Bar:Members:DJefke      1 GERMAN
  Liabilities:Bar:Members:DJefke   2.50 EUR   
  Income:Bar                      -2.50 EUR   

2023-05-18 txn "Nachtvlinder bought 2 items for €4.50"
  timestamp: "2023-05-18 20:03:10.867615"
  type: "purchase"
  Assets:Inventory:Bar             -1 KOMBUCHA
  Liabilities:Bar:Members:Maja      1 KOMBUCHA
  Assets:Inventory:Bar             -1 SODA    
  Liabilities:Bar:Members:Maja      1 SODA    
  Liabilities:Bar:Members:Maja   4.50 EUR     
  Income:Bar                    -4.50 EUR     

2023-05-18 txn "Sander bought 1 items for €1.50"
  timestamp: "2023-05-18 20:09:41.090180"
  type: "purchase"
  Assets:Inventory:Bar               -1 SODA
  Liabilities:Bar:Members:Sander      1 SODA
  Liabilities:Bar:Members:Sander   1.50 EUR 
  Income:Bar                      -1.50 EUR 

2023-05-18 txn "Sander deposited €25.00"
  timestamp: "2023-05-18 20:10:04.827400"
  type: "deposit"
  Liabilities:Bar:Members:Sander  -25.00 EUR
  Assets:Cash:Bar                  25.00 EUR

2023-05-18 txn "Koen bought 1 items for €1.50"
  timestamp: "2023-05-18 20:18:56.511330"
  type: "purchase"
  Assets:Inventory:Bar             -1 BEER
  Liabilities:Bar:Members:Koen      1 BEER
  Liabilities:Bar:Members:Koen   1.50 EUR 
  Income:Bar                    -1.50 EUR 

2023-05-18 txn "Fearless bought 1 items for €1.50"
  timestamp: "2023-05-18 20:18:59.528548"
  type: "purchase"
  Assets:Inventory:Bar                 -1 BEER
  Liabilities:Bar:Members:Fearless      1 BEER
  Liabilities:Bar:Members:Fearless   1.50 EUR 
  Income:Bar                        -1.50 EUR 

2023-05-18 txn "Thijs bought 1 items for €0.60"
  timestamp: "2023-05-18 20:29:44.387863"
  type: "purchase"
  Assets:Inventory:Bar              -1 SNACK
  Liabilities:Bar:Members:Thijs      1 SNACK
  Liabilities:Bar:Members:Thijs   0.60 EUR  
  Income:Bar                     -0.60 EUR  

2023-05-18 txn "Err0r bought 1 items for €2.50"
  timestamp: "2023-05-18 21:06:05.486746"
  type: "purchase"
  Assets:Inventory:Bar              -1 GERMAN
  Liabilities:Bar:Members:Err0r      1 GERMAN
  Liabilities:Bar:Members:Err0r   2.50 EUR   
  Income:Bar                     -2.50 EUR   

2023-05-18 txn "Thijs bought 1 items for €0.60"
  timestamp: "2023-05-18 21:06:52.407950"
  type: "purchase"
  Assets:Inventory:Bar              -1 SNACK
  Liabilities:Bar:Members:Thijs      1 SNACK
  Liabilities:Bar:Members:Thijs   0.60 EUR  
  Income:Bar                     -0.60 EUR  

2023-05-18 txn "DJefke bought 1 items for €0.60"
  timestamp: "2023-05-18 21:15:53.108396"
  type: "purchase"
  Assets:Inventory:Bar               -1 SNACK
  Liabilities:Bar:Members:DJefke      1 SNACK
  Liabilities:Bar:Members:DJefke   0.60 EUR  
  Income:Bar                      -0.60 EUR  

2023-05-18 txn "Koen bought 1 items for €0.60"
  timestamp: "2023-05-18 21:17:39.069844"
  type: "purchase"
  Assets:Inventory:Bar             -1 SNACK
  Liabilities:Bar:Members:Koen      1 SNACK
  Liabilities:Bar:Members:Koen   0.60 EUR  
  Income:Bar                    -0.60 EUR  

2023-05-18 txn "Fearless bought 1 items for €1.50"
  timestamp: "2023-05-18 21:18:47.376281"
  type: "purchase"
  Assets:Inventory:Bar                 -1 BEER
  Liabilities:Bar:Members:Fearless      1 BEER
  Liabilities:Bar:Members:Fearless   1.50 EUR 
  Income:Bar                        -1.50 EUR 

2023-05-18 txn "Nachtvlinder bought 2 items for €3.50"
  timestamp: "2023-05-18 21:19:30.945048"
  type: "purchase"
  Assets:Inventory:Bar             -1 CHIP  
  Liabilities:Bar:Members:Maja      1 CHIP  
  Assets:Inventory:Bar             -1 GERMAN
  Liabilities:Bar:Members:Maja      1 GERMAN
  Liabilities:Bar:Members:Maja   3.50 EUR   
  Income:Bar                    -3.50 EUR   

2023-05-18 txn "Thijs bought 1 items for €2.50"
  timestamp: "2023-05-18 21:50:43.816769"
  type: "purchase"
  Assets:Inventory:Bar              -1 DUVEL
  Liabilities:Bar:Members:Thijs      1 DUVEL
  Liabilities:Bar:Members:Thijs   2.50 EUR  
  Income:Bar                     -2.50 EUR  

2023-05-18 txn "Thijs deposited €25.00"
  timestamp: "2023-05-18 22:00:08.677107"
  type: "deposit"
  Liabilities:Bar:Members:Thijs  -25.00 EUR
  Assets:Cash:Bar                 25.00 EUR

2023-05-18 txn "DJefke deposited €50.00"
  timestamp: "2023-05-18 22:01:45.021381"
  type: "deposit"
  Liabilities:Bar:Members:DJefke  -50.00 EUR
  Assets:Cash:Bar                  50.00 EUR

2023-05-18 txn "DJefke bought 1 items for €2.50"
  timestamp: "2023-05-18 22:02:18.134219"
  type: "purchase"
  Assets:Inventory:Bar               -1 GERMAN
  Liabilities:Bar:Members:DJefke      1 GERMAN
  Liabilities:Bar:Members:DJefke   2.50 EUR   
  Income:Bar                      -2.50 EUR   

2023-05-18 txn "DJefke bought 1 items for €2.50"
  timestamp: "2023-05-18 22:02:26.251843"
  type: "purchase"
  Assets:Inventory:Bar               -1 GERMAN
  Liabilities:Bar:Members:DJefke      1 GERMAN
  Liabilities:Bar:Members:DJefke   2.50 EUR   
  Income:Bar                      -2.50 EUR   

2023-05-18 txn "Sander bought 1 items for €2.50"
  timestamp: "2023-05-18 22:28:31.772571"
  type: "purchase"
  Assets:Inventory:Bar               -1 GERMAN
  Liabilities:Bar:Members:Sander      1 GERMAN
  Liabilities:Bar:Members:Sander   2.50 EUR   
  Income:Bar                      -2.50 EUR   

2023-05-18 txn "Nachtvlinder deposited €-15.00"
  timestamp: "2023-05-18 22:51:23.621046"
  type: "deposit"
  Liabilities:Bar:Members:Maja   15.00 EUR
  Assets:Cash:Bar               -15.00 EUR

2023-05-18 txn "Nachtvlinder bought 1 items for €2.50"
  timestamp: "2023-05-18 23:20:20.753495"
  type: "purchase"
  Assets:Inventory:Bar             -1 GERMAN
  Liabilities:Bar:Members:Maja      1 GERMAN
  Liabilities:Bar:Members:Maja   2.50 EUR   
  Income:Bar                    -2.50 EUR   

2023-05-18 txn "Thijs deposited €50.00"
  timestamp: "2023-05-18 23:41:04.997845"
  type: "deposit"
  Liabilities:Bar:Members:Thijs  -50.00 EUR
  Assets:Cash:Bar                 50.00 EUR

2023-05-19 txn "Sander bought 1 items for €2.50"
  timestamp: "2023-05-19 17:35:15.884182"
  type: "purchase"
  Assets:Inventory:Bar               -1 GERMAN
  Liabilities:Bar:Members:Sander      1 GERMAN
  Liabilities:Bar:Members:Sander   2.50 EUR   
  Income:Bar                      -2.50 EUR   

2023-05-19 txn "Sander bought 1 items for €1.50"
  timestamp: "2023-05-19 18:58:40.711275"
  type: "purchase"
  Assets:Inventory:Bar               -1 SODA
  Liabilities:Bar:Members:Sander      1 SODA
  Liabilities:Bar:Members:Sander   1.50 EUR 
  Income:Bar                      -1.50 EUR 

2023-05-19 txn "Sander bought 1 items for €2.50"
  timestamp: "2023-05-19 19:29:32.609139"
  type: "purchase"
  Assets:Inventory:Bar               -1 GERMAN
  Liabilities:Bar:Members:Sander      1 GERMAN
  Liabilities:Bar:Members:Sander   2.50 EUR   
  Income:Bar                      -2.50 EUR   

2023-05-20 txn "Nachtvlinder bought 2 items for €3.10"
  timestamp: "2023-05-20 15:14:24.527732"
  type: "purchase"
  Assets:Inventory:Bar             -1 GERMAN
  Liabilities:Bar:Members:Maja      1 GERMAN
  Assets:Inventory:Bar             -1 SNACK 
  Liabilities:Bar:Members:Maja      1 SNACK 
  Liabilities:Bar:Members:Maja   3.10 EUR   
  Income:Bar                    -3.10 EUR   

2023-05-20 txn "Nachtvlinder deposited €-0.60"
  timestamp: "2023-05-20 16:34:15.569415"
  type: "deposit"
  Liabilities:Bar:Members:Maja   0.60 EUR
  Assets:Cash:Bar               -0.60 EUR

2023-05-20 txn "Nachtvlinder bought 2 items for €2.10"
  timestamp: "2023-05-20 16:34:27.015196"
  type: "purchase"
  Assets:Inventory:Bar             -1 SNACK
  Liabilities:Bar:Members:Maja      1 SNACK
  Assets:Inventory:Bar             -1 SODA 
  Liabilities:Bar:Members:Maja      1 SODA 
  Liabilities:Bar:Members:Maja   2.10 EUR  
  Income:Bar                    -2.10 EUR  

2023-05-20 txn "Nachtvlinder bought 1 items for €1.00"
  timestamp: "2023-05-20 18:09:01.768926"
  type: "purchase"
  Assets:Inventory:Bar             -1 CHIP
  Liabilities:Bar:Members:Maja      1 CHIP
  Liabilities:Bar:Members:Maja   1.00 EUR 
  Income:Bar                    -1.00 EUR 

2023-05-20 txn "Nachtvlinder bought 1 items for €0.75"
  timestamp: "2023-05-20 18:46:29.649964"
  type: "purchase"
  Assets:Inventory:Bar             -1 WATER
  Liabilities:Bar:Members:Maja      1 WATER
  Liabilities:Bar:Members:Maja   0.75 EUR  
  Income:Bar                    -0.75 EUR  

2023-05-21 txn "Koen bought 1 items for €1.50"
  timestamp: "2023-05-21 13:49:16.519559"
  type: "purchase"
  Assets:Inventory:Bar             -1 SODA
  Liabilities:Bar:Members:Koen      1 SODA
  Liabilities:Bar:Members:Koen   1.50 EUR 
  Income:Bar                    -1.50 EUR 

2023-05-21 txn "Koen bought 1 items for €1.50"
  timestamp: "2023-05-21 15:10:27.845952"
  type: "purchase"
  Assets:Inventory:Bar             -1 SODA
  Liabilities:Bar:Members:Koen      1 SODA
  Liabilities:Bar:Members:Koen   1.50 EUR 
  Income:Bar                    -1.50 EUR 

2023-05-21 txn "Nachtvlinder bought 2 items for €2.10"
  timestamp: "2023-05-21 19:51:27.397277"
  type: "purchase"
  Assets:Inventory:Bar             -1 SODA 
  Liabilities:Bar:Members:Maja      1 SODA 
  Assets:Inventory:Bar             -1 SNACK
  Liabilities:Bar:Members:Maja      1 SNACK
  Liabilities:Bar:Members:Maja   2.10 EUR  
  Income:Bar                    -2.10 EUR  

2023-05-21 txn "Nachtvlinder deposited €-15.00"
  timestamp: "2023-05-21 20:32:26.454181"
  type: "deposit"
  Liabilities:Bar:Members:Maja   15.00 EUR
  Assets:Cash:Bar               -15.00 EUR

2023-05-21 txn "Nachtvlinder bought 1 items for €2.50"
  timestamp: "2023-05-21 20:38:02.447705"
  type: "purchase"
  Assets:Inventory:Bar             -1 GERMAN
  Liabilities:Bar:Members:Maja      1 GERMAN
  Liabilities:Bar:Members:Maja   2.50 EUR   
  Income:Bar                    -2.50 EUR   

2023-05-21 txn "Nachtvlinder deposited €2.50"
  timestamp: "2023-05-21 20:38:35.511365"
  type: "deposit"
  Liabilities:Bar:Members:Maja  -2.50 EUR
  Assets:Cash:Bar                2.50 EUR

2023-05-24 txn "Nachtvlinder deposited €90.00"
  timestamp: "2023-05-24 13:10:12.904205"
  type: "deposit"
  Liabilities:Bar:Members:Maja  -90.00 EUR
  Assets:Cash:Bar                90.00 EUR

2023-05-24 txn "Nachtvlinder bought 2 items for €3.10"
  timestamp: "2023-05-24 13:10:43.779290"
  type: "purchase"
  Assets:Inventory:Bar             -1 GERMAN
  Liabilities:Bar:Members:Maja      1 GERMAN
  Assets:Inventory:Bar             -1 SNACK 
  Liabilities:Bar:Members:Maja      1 SNACK 
  Liabilities:Bar:Members:Maja   3.10 EUR   
  Income:Bar                    -3.10 EUR   

2023-05-24 txn "Nachtvlinder bought 1 items for €1.50"
  timestamp: "2023-05-24 17:10:01.008042"
  type: "purchase"
  Assets:Inventory:Bar             -1 SODA
  Liabilities:Bar:Members:Maja      1 SODA
  Liabilities:Bar:Members:Maja   1.50 EUR 
  Income:Bar                    -1.50 EUR 

2023-05-24 txn "Nachtvlinder bought 1 items for €0.60"
  timestamp: "2023-05-24 17:48:23.150427"
  type: "purchase"
  Assets:Inventory:Bar             -1 SNACK
  Liabilities:Bar:Members:Maja      1 SNACK
  Liabilities:Bar:Members:Maja   0.60 EUR  
  Income:Bar                    -0.60 EUR  

2023-05-24 txn "Nachtvlinder bought 1 items for €1.50"
  timestamp: "2023-05-24 18:34:19.450206"
  type: "purchase"
  Assets:Inventory:Bar             -1 SODA
  Liabilities:Bar:Members:Maja      1 SODA
  Liabilities:Bar:Members:Maja   1.50 EUR 
  Income:Bar                    -1.50 EUR 

2023-05-24 txn "Nachtvlinder bought 1 items for €0.60"
  timestamp: "2023-05-24 19:10:58.640041"
  type: "purchase"
  Assets:Inventory:Bar             -1 SNACK
  Liabilities:Bar:Members:Maja      1 SNACK
  Liabilities:Bar:Members:Maja   0.60 EUR  
  Income:Bar                    -0.60 EUR  

2023-05-24 txn "Nachtvlinder bought 1 items for €1.00"
  timestamp: "2023-05-24 20:05:51.496265"
  type: "purchase"
  Assets:Inventory:Bar             -1 CHIP
  Liabilities:Bar:Members:Maja      1 CHIP
  Liabilities:Bar:Members:Maja   1.00 EUR 
  Income:Bar                    -1.00 EUR 

2023-05-25 txn "Sander bought 2 items for €1.35"
  timestamp: "2023-05-25 15:05:50.261600"
  type: "purchase"
  Assets:Inventory:Bar               -1 WATER
  Liabilities:Bar:Members:Sander      1 WATER
  Assets:Inventory:Bar               -1 SNACK
  Liabilities:Bar:Members:Sander      1 SNACK
  Liabilities:Bar:Members:Sander   1.35 EUR  
  Income:Bar                      -1.35 EUR  

2023-05-25 txn "Nachtvlinder bought 1 items for €2.50"
  timestamp: "2023-05-25 15:19:40.052870"
  type: "purchase"
  Assets:Inventory:Bar             -1 GERMAN
  Liabilities:Bar:Members:Maja      1 GERMAN
  Liabilities:Bar:Members:Maja   2.50 EUR   
  Income:Bar                    -2.50 EUR   

2023-05-25 txn "Thijs bought 1 items for €2.50"
  timestamp: "2023-05-25 16:07:09.004980"
  type: "purchase"
  Assets:Inventory:Bar              -1 GERMAN
  Liabilities:Bar:Members:Thijs      1 GERMAN
  Liabilities:Bar:Members:Thijs   2.50 EUR   
  Income:Bar                     -2.50 EUR   

2023-05-25 txn "Koen bought 1 items for €2.50"
  timestamp: "2023-05-25 16:50:26.855296"
  type: "purchase"
  Assets:Inventory:Bar             -1 GERMAN
  Liabilities:Bar:Members:Koen      1 GERMAN
  Liabilities:Bar:Members:Koen   2.50 EUR   
  Income:Bar                    -2.50 EUR   

2023-05-25 txn "Nachtvlinder bought 2 items for €2.50"
  timestamp: "2023-05-25 17:14:28.813483"
  type: "purchase"
  Assets:Inventory:Bar             -1 SODA
  Liabilities:Bar:Members:Maja      1 SODA
  Assets:Inventory:Bar             -1 CHIP
  Liabilities:Bar:Members:Maja      1 CHIP
  Liabilities:Bar:Members:Maja   2.50 EUR 
  Income:Bar                    -2.50 EUR 

2023-05-25 txn "Carro​armato0 bought 3 items for €3.70"
  timestamp: "2023-05-25 17:22:01.506818"
  type: "purchase"
  Assets:Inventory:Bar                     -1 GERMAN
  Liabilities:Bar:Members:Carroarmato0      1 GERMAN
  Assets:Inventory:Bar                     -2 SNACK 
  Liabilities:Bar:Members:Carroarmato0      2 SNACK 
  Liabilities:Bar:Members:Carroarmato0   3.70 EUR   
  Income:Bar                            -3.70 EUR   

2023-05-25 txn "Koen bought 1 items for €2.50"
  timestamp: "2023-05-25 17:40:59.429607"
  type: "purchase"
  Assets:Inventory:Bar             -1 GERMAN
  Liabilities:Bar:Members:Koen      1 GERMAN
  Liabilities:Bar:Members:Koen   2.50 EUR   
  Income:Bar                    -2.50 EUR   

2023-05-25 txn "DJefke bought 1 items for €2.50"
  timestamp: "2023-05-25 17:55:11.755133"
  type: "purchase"
  Assets:Inventory:Bar               -1 GERMAN
  Liabilities:Bar:Members:DJefke      1 GERMAN
  Liabilities:Bar:Members:DJefke   2.50 EUR   
  Income:Bar                      -2.50 EUR   

2023-05-25 txn "Elfeera bought 1 items for €1.50"
  timestamp: "2023-05-25 17:58:05.878049"
  type: "purchase"
  Assets:Inventory:Bar                -1 SODA
  Liabilities:Bar:Members:Elfeera      1 SODA
  Liabilities:Bar:Members:Elfeera   1.50 EUR 
  Income:Bar                       -1.50 EUR 

2023-05-25 txn "Thijs bought 1 items for €2.50"
  timestamp: "2023-05-25 18:56:03.308974"
  type: "purchase"
  Assets:Inventory:Bar              -1 DUVEL
  Liabilities:Bar:Members:Thijs      1 DUVEL
  Liabilities:Bar:Members:Thijs   2.50 EUR  
  Income:Bar                     -2.50 EUR  

2023-05-25 txn "Koen bought 1 items for €1.50"
  timestamp: "2023-05-25 18:56:52.717908"
  type: "purchase"
  Assets:Inventory:Bar             -1 BEER
  Liabilities:Bar:Members:Koen      1 BEER
  Liabilities:Bar:Members:Koen   1.50 EUR 
  Income:Bar                    -1.50 EUR 

2023-05-25 txn "Sander bought 1 items for €1.50"
  timestamp: "2023-05-25 18:56:58.718073"
  type: "purchase"
  Assets:Inventory:Bar               -1 SODA
  Liabilities:Bar:Members:Sander      1 SODA
  Liabilities:Bar:Members:Sander   1.50 EUR 
  Income:Bar                      -1.50 EUR 

2023-05-25 txn "DJefke bought 2 items for €3.50"
  timestamp: "2023-05-25 19:04:30.168953"
  type: "purchase"
  Assets:Inventory:Bar               -1 GERMAN
  Liabilities:Bar:Members:DJefke      1 GERMAN
  Assets:Inventory:Bar               -1 CHIP  
  Liabilities:Bar:Members:DJefke      1 CHIP  
  Liabilities:Bar:Members:DJefke   3.50 EUR   
  Income:Bar                      -3.50 EUR   

2023-05-25 txn "Elfeera bought 1 items for €1.50"
  timestamp: "2023-05-25 19:05:19.601305"
  type: "purchase"
  Assets:Inventory:Bar                -1 SODA
  Liabilities:Bar:Members:Elfeera      1 SODA
  Liabilities:Bar:Members:Elfeera   1.50 EUR 
  Income:Bar                       -1.50 EUR 

2023-05-25 txn "Bloemist bought 1 items for €1.33"
  timestamp: "2023-05-25 19:11:07.330278"
  type: "purchase"
  Assets:Inventory:Bar                 -1 CARA
  Liabilities:Bar:Members:Bloemist      1 CARA
  Liabilities:Bar:Members:Bloemist   1.33 EUR 
  Income:Bar                        -1.33 EUR 

2023-05-25 txn "Carro​armato0 bought 2 items for €3.10"
  timestamp: "2023-05-25 19:20:30.233015"
  type: "purchase"
  Assets:Inventory:Bar                     -1 SNACK 
  Liabilities:Bar:Members:Carroarmato0      1 SNACK 
  Assets:Inventory:Bar                     -1 GERMAN
  Liabilities:Bar:Members:Carroarmato0      1 GERMAN
  Liabilities:Bar:Members:Carroarmato0   3.10 EUR   
  Income:Bar                            -3.10 EUR   

2023-05-25 txn "Miker bought 1 items for €3.00"
  timestamp: "2023-05-25 19:32:09.673424"
  type: "purchase"
  Assets:Inventory:Bar              -1 KOMBUCHA
  Liabilities:Bar:Members:Miker      1 KOMBUCHA
  Liabilities:Bar:Members:Miker   3.00 EUR     
  Income:Bar                     -3.00 EUR     

2023-05-25 txn "Nachtvlinder bought 1 items for €2.50"
  timestamp: "2023-05-25 19:41:21.376838"
  type: "purchase"
  Assets:Inventory:Bar             -1 GERMAN
  Liabilities:Bar:Members:Maja      1 GERMAN
  Liabilities:Bar:Members:Maja   2.50 EUR   
  Income:Bar                    -2.50 EUR   

2023-05-25 txn "Matth deposited €10.00"
  timestamp: "2023-05-25 19:42:31.206638"
  type: "deposit"
  Liabilities:Bar:Members:Matth  -10.00 EUR
  Assets:Cash:Bar                 10.00 EUR

2023-05-25 txn "Matth bought 1 items for €1.50"
  timestamp: "2023-05-25 19:44:12.945834"
  type: "purchase"
  Assets:Inventory:Bar              -1 SODA
  Liabilities:Bar:Members:Matth      1 SODA
  Liabilities:Bar:Members:Matth   1.50 EUR 
  Income:Bar                     -1.50 EUR 

2023-05-25 txn "DJefke bought 1 items for €0.60"
  timestamp: "2023-05-25 19:45:44.374206"
  type: "purchase"
  Assets:Inventory:Bar               -1 SNACK
  Liabilities:Bar:Members:DJefke      1 SNACK
  Liabilities:Bar:Members:DJefke   0.60 EUR  
  Income:Bar                      -0.60 EUR  

2023-05-25 txn "Koen bought 1 items for €0.60"
  timestamp: "2023-05-25 19:48:31.851377"
  type: "purchase"
  Assets:Inventory:Bar             -1 SNACK
  Liabilities:Bar:Members:Koen      1 SNACK
  Liabilities:Bar:Members:Koen   0.60 EUR  
  Income:Bar                    -0.60 EUR  

2023-05-25 txn "Koen deposited €11.20"
  timestamp: "2023-05-25 19:50:23.776533"
  type: "deposit"
  Liabilities:Bar:Members:Koen  -11.20 EUR
  Assets:Cash:Bar                11.20 EUR

2023-05-25 txn "Koen bought 1 items for €1.50"
  timestamp: "2023-05-25 19:52:11.995876"
  type: "purchase"
  Assets:Inventory:Bar             -1 SODA
  Liabilities:Bar:Members:Koen      1 SODA
  Liabilities:Bar:Members:Koen   1.50 EUR 
  Income:Bar                    -1.50 EUR 

2023-05-25 txn "Sander bought 1 items for €1.50"
  timestamp: "2023-05-25 20:05:32.492800"
  type: "purchase"
  Assets:Inventory:Bar               -1 SODA
  Liabilities:Bar:Members:Sander      1 SODA
  Liabilities:Bar:Members:Sander   1.50 EUR 
  Income:Bar                      -1.50 EUR 

2023-05-25 txn "Nachtvlinder deposited €-20.00"
  timestamp: "2023-05-25 20:09:05.701546"
  type: "deposit"
  Liabilities:Bar:Members:Maja   20.00 EUR
  Assets:Cash:Bar               -20.00 EUR

2023-05-25 txn "Miker bought 1 items for €3.00"
  timestamp: "2023-05-25 20:12:15.049092"
  type: "purchase"
  Assets:Inventory:Bar              -1 CM 
  Liabilities:Bar:Members:Miker      1 CM 
  Liabilities:Bar:Members:Miker   3.00 EUR
  Income:Bar                     -3.00 EUR

2023-05-25 txn "Elfeera bought 1 items for €0.60"
  timestamp: "2023-05-25 20:14:19.637865"
  type: "purchase"
  Assets:Inventory:Bar                -1 SNACK
  Liabilities:Bar:Members:Elfeera      1 SNACK
  Liabilities:Bar:Members:Elfeera   0.60 EUR  
  Income:Bar                       -0.60 EUR  

2023-05-25 txn "Thijs bought 1 items for €2.50"
  timestamp: "2023-05-25 20:36:45.340265"
  type: "purchase"
  Assets:Inventory:Bar              -1 DUVEL
  Liabilities:Bar:Members:Thijs      1 DUVEL
  Liabilities:Bar:Members:Thijs   2.50 EUR  
  Income:Bar                     -2.50 EUR  

2023-05-25 txn "Bloemist bought 1 items for €1.33"
  timestamp: "2023-05-25 20:50:49.625311"
  type: "purchase"
  Assets:Inventory:Bar                 -1 CARA
  Liabilities:Bar:Members:Bloemist      1 CARA
  Liabilities:Bar:Members:Bloemist   1.33 EUR 
  Income:Bar                        -1.33 EUR 

2023-05-25 txn "Koen gave Sander a gift of €3.50"
  timestamp: "2023-05-25 20:51:36.895558"
  type: "transfer"
  Liabilities:Bar:Members:Koen     3.50 EUR
  Liabilities:Bar:Members:Sander  -3.50 EUR

2023-05-25 txn "Bloemist bought 1 items for €1.00"
  timestamp: "2023-05-25 21:00:35.319729"
  type: "purchase"
  Assets:Inventory:Bar                 -1 CHIP
  Liabilities:Bar:Members:Bloemist      1 CHIP
  Liabilities:Bar:Members:Bloemist   1.00 EUR 
  Income:Bar                        -1.00 EUR 

2023-05-25 txn "Elfeera gave Sander a gift of €3.20"
  timestamp: "2023-05-25 21:01:21.936220"
  type: "transfer"
  Liabilities:Bar:Members:Elfeera   3.20 EUR
  Liabilities:Bar:Members:Sander   -3.20 EUR

2023-05-25 txn "Matth bought 1 items for €1.50"
  timestamp: "2023-05-25 21:01:37.674934"
  type: "purchase"
  Assets:Inventory:Bar              -1 SODA
  Liabilities:Bar:Members:Matth      1 SODA
  Liabilities:Bar:Members:Matth   1.50 EUR 
  Income:Bar                     -1.50 EUR 

2023-05-25 txn "Carro​armato0 gave Sander a gift of €3.70"
  timestamp: "2023-05-25 21:02:12.777155"
  type: "transfer"
  Liabilities:Bar:Members:Carroarmato0   3.70 EUR
  Liabilities:Bar:Members:Sander        -3.70 EUR

2023-05-25 txn "Sander bought 1 items for €1.50"
  timestamp: "2023-05-25 21:02:21.773247"
  type: "purchase"
  Assets:Inventory:Bar               -1 SODA
  Liabilities:Bar:Members:Sander      1 SODA
  Liabilities:Bar:Members:Sander   1.50 EUR 
  Income:Bar                      -1.50 EUR 

2023-05-25 txn "Miker bought 1 items for €0.60"
  timestamp: "2023-05-25 21:57:53.850286"
  type: "purchase"
  Assets:Inventory:Bar              -1 SNACK
  Liabilities:Bar:Members:Miker      1 SNACK
  Liabilities:Bar:Members:Miker   0.60 EUR  
  Income:Bar                     -0.60 EUR  

2023-05-25 txn "Bloemist bought 2 items for €4.33"
  timestamp: "2023-05-25 22:01:55.084083"
  type: "purchase"
  Assets:Inventory:Bar                 -1 CARA    
  Liabilities:Bar:Members:Bloemist      1 CARA    
  Assets:Inventory:Bar                 -1 KOMBUCHA
  Liabilities:Bar:Members:Bloemist      1 KOMBUCHA
  Liabilities:Bar:Members:Bloemist   4.33 EUR     
  Income:Bar                        -4.33 EUR     

2023-05-25 txn "Bloemist bought 1 items for €1.00"
  timestamp: "2023-05-25 22:02:09.587294"
  type: "purchase"
  Assets:Inventory:Bar                 -1 CHIP
  Liabilities:Bar:Members:Bloemist      1 CHIP
  Liabilities:Bar:Members:Bloemist   1.00 EUR 
  Income:Bar                        -1.00 EUR 

2023-05-25 txn "Err0r deposited €4.00"
  timestamp: "2023-05-25 22:20:20.974197"
  type: "deposit"
  Liabilities:Bar:Members:Err0r  -4.00 EUR
  Assets:Cash:Bar                 4.00 EUR

2023-05-25 txn "Err0r bought 1 items for €2.50"
  timestamp: "2023-05-25 22:20:58.351997"
  type: "purchase"
  Assets:Inventory:Bar              -1 GERMAN
  Liabilities:Bar:Members:Err0r      1 GERMAN
  Liabilities:Bar:Members:Err0r   2.50 EUR   
  Income:Bar                     -2.50 EUR   

2023-05-25 txn "DJefke bought 1 items for €0.60"
  timestamp: "2023-05-25 22:23:04.625620"
  type: "purchase"
  Assets:Inventory:Bar               -1 SNACK
  Liabilities:Bar:Members:DJefke      1 SNACK
  Liabilities:Bar:Members:DJefke   0.60 EUR  
  Income:Bar                      -0.60 EUR  

2023-05-27 txn "Els bought 1 items for €1.50"
  timestamp: "2023-05-27 08:49:30.690453"
  type: "purchase"
  Assets:Inventory:Bar            -1 SODA
  Liabilities:Bar:Members:Els      1 SODA
  Liabilities:Bar:Members:Els   1.50 EUR 
  Income:Bar                   -1.50 EUR 

2023-05-27 txn "Nachtvlinder bought 2 items for €3.10"
  timestamp: "2023-05-27 17:38:06.448454"
  type: "purchase"
  Assets:Inventory:Bar             -1 GERMAN
  Liabilities:Bar:Members:Maja      1 GERMAN
  Assets:Inventory:Bar             -1 SNACK 
  Liabilities:Bar:Members:Maja      1 SNACK 
  Liabilities:Bar:Members:Maja   3.10 EUR   
  Income:Bar                    -3.10 EUR   

2023-05-27 txn "Nachtvlinder bought 1 items for €1.50"
  timestamp: "2023-05-27 18:22:20.888323"
  type: "purchase"
  Assets:Inventory:Bar             -1 SODA
  Liabilities:Bar:Members:Maja      1 SODA
  Liabilities:Bar:Members:Maja   1.50 EUR 
  Income:Bar                    -1.50 EUR 

2023-05-27 txn "Nachtvlinder deposited €-20.00"
  timestamp: "2023-05-27 19:29:02.416618"
  type: "deposit"
  Liabilities:Bar:Members:Maja   20.00 EUR
  Assets:Cash:Bar               -20.00 EUR

2023-05-27 txn "Nachtvlinder bought 1 items for €2.50"
  timestamp: "2023-05-27 20:10:37.998838"
  type: "purchase"
  Assets:Inventory:Bar             -1 GERMAN
  Liabilities:Bar:Members:Maja      1 GERMAN
  Liabilities:Bar:Members:Maja   2.50 EUR   
  Income:Bar                    -2.50 EUR   

2023-05-27 txn "Nachtvlinder bought 2 items for €3.00"
  timestamp: "2023-05-27 22:11:30.993036"
  type: "purchase"
  Assets:Inventory:Bar             -2 SODA
  Liabilities:Bar:Members:Maja      2 SODA
  Liabilities:Bar:Members:Maja   3.00 EUR 
  Income:Bar                    -3.00 EUR 

2023-05-28 txn "Yvan bought 2 items for €3.10"
  timestamp: "2023-05-28 11:23:00.505624"
  type: "purchase"
  Assets:Inventory:Bar             -1 SNACK 
  Liabilities:Bar:Members:Yvan      1 SNACK 
  Assets:Inventory:Bar             -1 GERMAN
  Liabilities:Bar:Members:Yvan      1 GERMAN
  Liabilities:Bar:Members:Yvan   3.10 EUR   
  Income:Bar                    -3.10 EUR   

2023-05-28 txn "Koen bought 1 items for €2.50"
  timestamp: "2023-05-28 11:30:13.604383"
  type: "purchase"
  Assets:Inventory:Bar             -1 GERMAN
  Liabilities:Bar:Members:Koen      1 GERMAN
  Liabilities:Bar:Members:Koen   2.50 EUR   
  Income:Bar                    -2.50 EUR   

2023-05-28 txn "Bloemist bought 1 items for €1.33"
  timestamp: "2023-05-28 12:36:27.035356"
  type: "purchase"
  Assets:Inventory:Bar                 -1 CARA
  Liabilities:Bar:Members:Bloemist      1 CARA
  Liabilities:Bar:Members:Bloemist   1.33 EUR 
  Income:Bar                        -1.33 EUR 

2023-05-28 txn "Yvan bought 2 items for €3.10"
  timestamp: "2023-05-28 12:45:02.235213"
  type: "purchase"
  Assets:Inventory:Bar             -1 SNACK 
  Liabilities:Bar:Members:Yvan      1 SNACK 
  Assets:Inventory:Bar             -1 GERMAN
  Liabilities:Bar:Members:Yvan      1 GERMAN
  Liabilities:Bar:Members:Yvan   3.10 EUR   
  Income:Bar                    -3.10 EUR   

2023-05-28 txn "Koen bought 1 items for €2.50"
  timestamp: "2023-05-28 13:06:23.334067"
  type: "purchase"
  Assets:Inventory:Bar             -1 GERMAN
  Liabilities:Bar:Members:Koen      1 GERMAN
  Liabilities:Bar:Members:Koen   2.50 EUR   
  Income:Bar                    -2.50 EUR   

2023-05-28 txn "Yvan bought 1 items for €0.60"
  timestamp: "2023-05-28 13:56:25.115992"
  type: "purchase"
  Assets:Inventory:Bar             -1 SNACK
  Liabilities:Bar:Members:Yvan      1 SNACK
  Liabilities:Bar:Members:Yvan   0.60 EUR  
  Income:Bar                    -0.60 EUR  

2023-05-28 txn "Sander bought 2 items for €1.20"
  timestamp: "2023-05-28 14:39:53.298873"
  type: "purchase"
  Assets:Inventory:Bar               -2 SNACK
  Liabilities:Bar:Members:Sander      2 SNACK
  Liabilities:Bar:Members:Sander   1.20 EUR  
  Income:Bar                      -1.20 EUR  

2023-05-28 txn "Koen bought 1 items for €2.50"
  timestamp: "2023-05-28 15:33:19.458359"
  type: "purchase"
  Assets:Inventory:Bar             -1 GERMAN
  Liabilities:Bar:Members:Koen      1 GERMAN
  Liabilities:Bar:Members:Koen   2.50 EUR   
  Income:Bar                    -2.50 EUR   

2023-05-28 txn "Yvan bought 2 items for €3.50"
  timestamp: "2023-05-28 15:40:30.293905"
  type: "purchase"
  Assets:Inventory:Bar             -1 CHIP  
  Liabilities:Bar:Members:Yvan      1 CHIP  
  Assets:Inventory:Bar             -1 GERMAN
  Liabilities:Bar:Members:Yvan      1 GERMAN
  Liabilities:Bar:Members:Yvan   3.50 EUR   
  Income:Bar                    -3.50 EUR   

2023-05-28 txn "Sander bought 1 items for €2.50"
  timestamp: "2023-05-28 17:11:06.162232"
  type: "purchase"
  Assets:Inventory:Bar               -1 GERMAN
  Liabilities:Bar:Members:Sander      1 GERMAN
  Liabilities:Bar:Members:Sander   2.50 EUR   
  Income:Bar                      -2.50 EUR   

2023-05-28 txn "Yvan bought 1 items for €2.50"
  timestamp: "2023-05-28 18:28:49.719741"
  type: "purchase"
  Assets:Inventory:Bar             -1 GERMAN
  Liabilities:Bar:Members:Yvan      1 GERMAN
  Liabilities:Bar:Members:Yvan   2.50 EUR   
  Income:Bar                    -2.50 EUR   

2023-05-28 txn "Koen bought 1 items for €1.50"
  timestamp: "2023-05-28 18:28:55.042432"
  type: "purchase"
  Assets:Inventory:Bar             -1 BEER
  Liabilities:Bar:Members:Koen      1 BEER
  Liabilities:Bar:Members:Koen   1.50 EUR 
  Income:Bar                    -1.50 EUR 

2023-05-28 txn "Fearless bought 1 items for €1.50"
  timestamp: "2023-05-28 18:29:50.927207"
  type: "purchase"
  Assets:Inventory:Bar                 -1 BEER
  Liabilities:Bar:Members:Fearless      1 BEER
  Liabilities:Bar:Members:Fearless   1.50 EUR 
  Income:Bar                        -1.50 EUR 

2023-05-28 txn "Koen bought 1 items for €1.50"
  timestamp: "2023-05-28 19:06:29.842470"
  type: "purchase"
  Assets:Inventory:Bar             -1 BEER
  Liabilities:Bar:Members:Koen      1 BEER
  Liabilities:Bar:Members:Koen   1.50 EUR 
  Income:Bar                    -1.50 EUR 

2023-05-28 txn "Koen deposited €20.00"
  timestamp: "2023-05-28 19:08:20.389398"
  type: "deposit"
  Liabilities:Bar:Members:Koen  -20.00 EUR
  Assets:Cash:Bar                20.00 EUR

2023-05-28 txn "Fearless bought 1 items for €1.50"
  timestamp: "2023-05-28 19:21:38.790719"
  type: "purchase"
  Assets:Inventory:Bar                 -1 BEER
  Liabilities:Bar:Members:Fearless      1 BEER
  Liabilities:Bar:Members:Fearless   1.50 EUR 
  Income:Bar                        -1.50 EUR 

2023-05-28 txn "Sander bought 1 items for €1.50"
  timestamp: "2023-05-28 19:24:04.409015"
  type: "purchase"
  Assets:Inventory:Bar               -1 SODA
  Liabilities:Bar:Members:Sander      1 SODA
  Liabilities:Bar:Members:Sander   1.50 EUR 
  Income:Bar                      -1.50 EUR 

