2022-05-19 txn "Evils gave Sander a gift of €6.30"
  timestamp: "2022-05-19 17:21:57.232127"
  type: "transfer"
  Liabilities:Bar:Members:Elvis    6.30 EUR
  Liabilities:Bar:Members:Sander  -6.30 EUR

2022-05-19 txn "Sander bought 1 items for €1.50"
  timestamp: "2022-05-19 17:22:35.137788"
  type: "purchase"
  Assets:Inventory:Bar               -1 SCHWEPPES
  Liabilities:Bar:Members:Sander      1 SCHWEPPES
  Liabilities:Bar:Members:Sander   1.50 EUR      
  Income:Bar                      -1.50 EUR      

2022-05-19 txn "Bloemist bought 1 items for €1.50"
  timestamp: "2022-05-19 17:22:46.581298"
  type: "purchase"
  Assets:Inventory:Bar                 -1 JUPILER
  Liabilities:Bar:Members:Bloemist      1 JUPILER
  Liabilities:Bar:Members:Bloemist   1.50 EUR    
  Income:Bar                        -1.50 EUR    

2022-05-19 txn "Yvan bought 3 items for €3.60"
  timestamp: "2022-05-19 17:23:12.284502"
  type: "purchase"
  Assets:Inventory:Bar             -1 ICETEA
  Liabilities:Bar:Members:Yvan      1 ICETEA
  Assets:Inventory:Bar             -1 FANTA 
  Liabilities:Bar:Members:Yvan      1 FANTA 
  Assets:Inventory:Bar             -1 KITKAT
  Liabilities:Bar:Members:Yvan      1 KITKAT
  Liabilities:Bar:Members:Yvan   3.60 EUR   
  Income:Bar                    -3.60 EUR   

2022-05-19 txn "qwaxys bought 3 items for €5.50"
  timestamp: "2022-05-19 17:23:24.858229"
  type: "purchase"
  Assets:Inventory:Bar             -2 CMRED
  Liabilities:Bar:Members:Bart      2 CMRED
  Assets:Inventory:Bar             -1 FANTA
  Liabilities:Bar:Members:Bart      1 FANTA
  Liabilities:Bar:Members:Bart   5.50 EUR  
  Income:Bar                    -5.50 EUR  

2022-05-19 txn "Koen bought 1 items for €1.50"
  timestamp: "2022-05-19 17:27:29.858332"
  type: "purchase"
  Assets:Inventory:Bar             -1 JUPILER
  Liabilities:Bar:Members:Koen      1 JUPILER
  Liabilities:Bar:Members:Koen   1.50 EUR    
  Income:Bar                    -1.50 EUR    

2022-05-19 txn "Evils bought 1 items for €1.50"
  timestamp: "2022-05-19 17:27:44.165050"
  type: "purchase"
  Assets:Inventory:Bar              -1 COKE
  Liabilities:Bar:Members:Elvis      1 COKE
  Liabilities:Bar:Members:Elvis   1.50 EUR 
  Income:Bar                     -1.50 EUR 

2022-05-19 txn "Merlijn bought 2 items for €1.60"
  timestamp: "2022-05-19 17:28:33.938567"
  type: "purchase"
  Assets:Inventory:Bar                -1 KITKAT
  Liabilities:Bar:Members:Merlijn      1 KITKAT
  Assets:Inventory:Bar                -1 CHIP  
  Liabilities:Bar:Members:Merlijn      1 CHIP  
  Liabilities:Bar:Members:Merlijn   1.60 EUR   
  Income:Bar                       -1.60 EUR   

2022-05-19 txn "Miker bought 1 items for €1.50"
  timestamp: "2022-05-19 17:51:57.302813"
  type: "purchase"
  Assets:Inventory:Bar              -1 JUPILER
  Liabilities:Bar:Members:Miker      1 JUPILER
  Liabilities:Bar:Members:Miker   1.50 EUR    
  Income:Bar                     -1.50 EUR    

2022-05-19 txn "Bloemist bought 1 items for €1.50"
  timestamp: "2022-05-19 18:12:34.026162"
  type: "purchase"
  Assets:Inventory:Bar                 -1 JUPILER
  Liabilities:Bar:Members:Bloemist      1 JUPILER
  Liabilities:Bar:Members:Bloemist   1.50 EUR    
  Income:Bar                        -1.50 EUR    

2022-05-19 txn "Thomas bought 1 items for €2.50"
  timestamp: "2022-05-19 18:16:01.955214"
  type: "purchase"
  Assets:Inventory:Bar               -1 MYSTERY
  Liabilities:Bar:Members:Thomas      1 MYSTERY
  Liabilities:Bar:Members:Thomas   2.50 EUR    
  Income:Bar                      -2.50 EUR    

2022-05-19 txn "--CASH-- bought 1 items for €2.00"
  timestamp: "2022-05-19 18:16:13.250243"
  type: "purchase"
  Assets:Inventory:Bar     -1 CMRED
  Assets:Cash:Bar           1 CMRED
  Assets:Cash:Bar        2.00 EUR  
  Income:Bar            -2.00 EUR  

2022-05-19 txn "Miker bought 1 items for €1.50"
  timestamp: "2022-05-19 18:23:40.674046"
  type: "purchase"
  Assets:Inventory:Bar              -1 JUPILER
  Liabilities:Bar:Members:Miker      1 JUPILER
  Liabilities:Bar:Members:Miker   1.50 EUR    
  Income:Bar                     -1.50 EUR    

2022-05-19 txn "qwaxys bought 1 items for €1.50"
  timestamp: "2022-05-19 18:38:31.933866"
  type: "purchase"
  Assets:Inventory:Bar             -1 JUPILER
  Liabilities:Bar:Members:Bart      1 JUPILER
  Liabilities:Bar:Members:Bart   1.50 EUR    
  Income:Bar                    -1.50 EUR    

2022-05-19 txn "Ljaytee bought 1 items for €1.50"
  timestamp: "2022-05-19 18:39:17.788693"
  type: "purchase"
  Assets:Inventory:Bar                -1 COKE
  Liabilities:Bar:Members:Ljaytee      1 COKE
  Liabilities:Bar:Members:Ljaytee   1.50 EUR 
  Income:Bar                       -1.50 EUR 

2022-05-19 txn "--CASH-- bought 1 items for €2.00"
  timestamp: "2022-05-19 18:39:52.749760"
  type: "purchase"
  Assets:Inventory:Bar     -1 CMRED
  Assets:Cash:Bar           1 CMRED
  Assets:Cash:Bar        2.00 EUR  
  Income:Bar            -2.00 EUR  

2022-05-19 txn "Ewaut bought 1 items for €2.00"
  timestamp: "2022-05-19 18:40:29.459907"
  type: "purchase"
  Assets:Inventory:Bar              -1 CMRED
  Liabilities:Bar:Members:Ewaut      1 CMRED
  Liabilities:Bar:Members:Ewaut   2.00 EUR  
  Income:Bar                     -2.00 EUR  

2022-05-19 txn "Thomas bought 2 items for €3.50"
  timestamp: "2022-05-19 18:49:04.946274"
  type: "purchase"
  Assets:Inventory:Bar               -1 MYSTERY
  Liabilities:Bar:Members:Thomas      1 MYSTERY
  Assets:Inventory:Bar               -1 CHIP   
  Liabilities:Bar:Members:Thomas      1 CHIP   
  Liabilities:Bar:Members:Thomas   3.50 EUR    
  Income:Bar                      -3.50 EUR    

2022-05-19 txn "Miker bought 2 items for €2.10"
  timestamp: "2022-05-19 19:02:56.989343"
  type: "purchase"
  Assets:Inventory:Bar              -1 COKE    
  Liabilities:Bar:Members:Miker      1 COKE    
  Assets:Inventory:Bar              -1 SNICKERS
  Liabilities:Bar:Members:Miker      1 SNICKERS
  Liabilities:Bar:Members:Miker   2.10 EUR     
  Income:Bar                     -2.10 EUR     

2022-05-19 txn "TQ bought 1 items for €2.00"
  timestamp: "2022-05-19 19:05:14.012908"
  type: "purchase"
  Assets:Inventory:Bar                -1 CMRED
  Liabilities:Bar:Members:Thequux      1 CMRED
  Liabilities:Bar:Members:Thequux   2.00 EUR  
  Income:Bar                       -2.00 EUR  

2022-05-19 txn "Evils bought 1 items for €1.50"
  timestamp: "2022-05-19 19:05:24.577147"
  type: "purchase"
  Assets:Inventory:Bar              -1 SCHWEPPES
  Liabilities:Bar:Members:Elvis      1 SCHWEPPES
  Liabilities:Bar:Members:Elvis   1.50 EUR      
  Income:Bar                     -1.50 EUR      

2022-05-19 txn "Sander bought 1 items for €1.50"
  timestamp: "2022-05-19 19:15:32.931087"
  type: "purchase"
  Assets:Inventory:Bar               -1 AGRUMES
  Liabilities:Bar:Members:Sander      1 AGRUMES
  Liabilities:Bar:Members:Sander   1.50 EUR    
  Income:Bar                      -1.50 EUR    

2022-05-19 txn "Bloemist bought 1 items for €1.50"
  timestamp: "2022-05-19 19:20:11.740050"
  type: "purchase"
  Assets:Inventory:Bar                 -1 JUPILER
  Liabilities:Bar:Members:Bloemist      1 JUPILER
  Liabilities:Bar:Members:Bloemist   1.50 EUR    
  Income:Bar                        -1.50 EUR    

2022-05-19 txn "Thomas bought 1 items for €0.60"
  timestamp: "2022-05-19 19:25:25.815822"
  type: "purchase"
  Assets:Inventory:Bar               -1 SNICKERS
  Liabilities:Bar:Members:Thomas      1 SNICKERS
  Liabilities:Bar:Members:Thomas   0.60 EUR     
  Income:Bar                      -0.60 EUR     

2022-05-19 txn "Aris bought 1 items for €2.00"
  timestamp: "2022-05-19 19:25:52.838238"
  type: "purchase"
  Assets:Inventory:Bar             -1 FRITZ
  Liabilities:Bar:Members:Aris      1 FRITZ
  Liabilities:Bar:Members:Aris   2.00 EUR  
  Income:Bar                    -2.00 EUR  

2022-05-19 txn "Thomas bought 1 items for €2.50"
  timestamp: "2022-05-19 19:37:00.057548"
  type: "purchase"
  Assets:Inventory:Bar               -1 MYSTERY
  Liabilities:Bar:Members:Thomas      1 MYSTERY
  Liabilities:Bar:Members:Thomas   2.50 EUR    
  Income:Bar                      -2.50 EUR    

2022-05-19 txn "Miker bought 1 items for €1.50"
  timestamp: "2022-05-19 19:53:44.279538"
  type: "purchase"
  Assets:Inventory:Bar              -1 JUPILER
  Liabilities:Bar:Members:Miker      1 JUPILER
  Liabilities:Bar:Members:Miker   1.50 EUR    
  Income:Bar                     -1.50 EUR    

2022-05-19 txn "Ljaytee bought 1 items for €2.00"
  timestamp: "2022-05-19 20:19:21.794332"
  type: "purchase"
  Assets:Inventory:Bar                -1 FRITZ
  Liabilities:Bar:Members:Ljaytee      1 FRITZ
  Liabilities:Bar:Members:Ljaytee   2.00 EUR  
  Income:Bar                       -2.00 EUR  

2022-05-19 txn "Nachtvlinder bought 5 items for €6.70"
  timestamp: "2022-05-19 21:18:18.069273"
  type: "purchase"
  Assets:Inventory:Bar             -2 FRITZ 
  Liabilities:Bar:Members:Maja      2 FRITZ 
  Assets:Inventory:Bar             -2 BOUNTY
  Liabilities:Bar:Members:Maja      2 BOUNTY
  Assets:Inventory:Bar             -1 ICETEA
  Liabilities:Bar:Members:Maja      1 ICETEA
  Liabilities:Bar:Members:Maja   6.70 EUR   
  Income:Bar                    -6.70 EUR   

2022-05-19 txn "Koen bought 1 items for €1.50"
  timestamp: "2022-05-19 21:18:46.553276"
  type: "purchase"
  Assets:Inventory:Bar             -1 JUPILER
  Liabilities:Bar:Members:Koen      1 JUPILER
  Liabilities:Bar:Members:Koen   1.50 EUR    
  Income:Bar                    -1.50 EUR    

2022-05-19 txn "qwaxys bought 1 items for €1.50"
  timestamp: "2022-05-19 21:19:11.341542"
  type: "purchase"
  Assets:Inventory:Bar             -1 JUPILER
  Liabilities:Bar:Members:Bart      1 JUPILER
  Liabilities:Bar:Members:Bart   1.50 EUR    
  Income:Bar                    -1.50 EUR    

2022-05-19 txn "--CASH-- bought 1 items for €2.00"
  timestamp: "2022-05-19 21:34:00.715884"
  type: "purchase"
  Assets:Inventory:Bar     -1 FRITZ_ZERO
  Assets:Cash:Bar           1 FRITZ_ZERO
  Assets:Cash:Bar        2.00 EUR       
  Income:Bar            -2.00 EUR       

2022-05-19 txn "Miker bought 1 items for €1.50"
  timestamp: "2022-05-19 21:35:54.609936"
  type: "purchase"
  Assets:Inventory:Bar              -1 COKE
  Liabilities:Bar:Members:Miker      1 COKE
  Liabilities:Bar:Members:Miker   1.50 EUR 
  Income:Bar                     -1.50 EUR 

2022-05-19 txn "Evils bought 1 items for €0.70"
  timestamp: "2022-05-19 22:01:45.057590"
  type: "purchase"
  Assets:Inventory:Bar              -1 CHOCO_MILK
  Liabilities:Bar:Members:Elvis      1 CHOCO_MILK
  Liabilities:Bar:Members:Elvis   0.70 EUR       
  Income:Bar                     -0.70 EUR       

2022-05-19 txn "--CASH-- bought 1 items for €2.00"
  timestamp: "2022-05-19 22:08:31.342984"
  type: "purchase"
  Assets:Inventory:Bar     -1 FRITZ_ZERO
  Assets:Cash:Bar           1 FRITZ_ZERO
  Assets:Cash:Bar        2.00 EUR       
  Income:Bar            -2.00 EUR       

2022-05-19 txn "Nachtvlinder bought 2 items for €2.60"
  timestamp: "2022-05-19 23:37:11.088824"
  type: "purchase"
  Assets:Inventory:Bar             -1 FRITZ 
  Liabilities:Bar:Members:Maja      1 FRITZ 
  Assets:Inventory:Bar             -1 BOUNTY
  Liabilities:Bar:Members:Maja      1 BOUNTY
  Liabilities:Bar:Members:Maja   2.60 EUR   
  Income:Bar                    -2.60 EUR   

2022-05-20 txn "Bloemist bought 1 items for €1.00"
  timestamp: "2022-05-20 02:45:24.053683"
  type: "purchase"
  Assets:Inventory:Bar                 -1 CHIP
  Liabilities:Bar:Members:Bloemist      1 CHIP
  Liabilities:Bar:Members:Bloemist   1.00 EUR 
  Income:Bar                        -1.00 EUR 

2022-05-20 txn "Bloemist deposited €20.00"
  timestamp: "2022-05-20 02:45:43.394165"
  type: "deposit"
  Liabilities:Bar:Members:Bloemist  -20.00 EUR
  Assets:Cash:Bar                    20.00 EUR

2022-05-21 txn "Miker bought 1 items for €1.50"
  timestamp: "2022-05-21 13:40:18.912650"
  type: "purchase"
  Assets:Inventory:Bar              -1 COKE
  Liabilities:Bar:Members:Miker      1 COKE
  Liabilities:Bar:Members:Miker   1.50 EUR 
  Income:Bar                     -1.50 EUR 

2022-05-21 txn "Miker bought 1 items for €2.00"
  timestamp: "2022-05-21 14:17:29.531829"
  type: "purchase"
  Assets:Inventory:Bar              -1 CMRED
  Liabilities:Bar:Members:Miker      1 CMRED
  Liabilities:Bar:Members:Miker   2.00 EUR  
  Income:Bar                     -2.00 EUR  

2022-05-22 txn "Evils bought 1 items for €0.60"
  timestamp: "2022-05-22 19:31:10.535848"
  type: "purchase"
  Assets:Inventory:Bar              -1 TWIX
  Liabilities:Bar:Members:Elvis      1 TWIX
  Liabilities:Bar:Members:Elvis   0.60 EUR 
  Income:Bar                     -0.60 EUR 

2022-05-22 txn "Evils bought 1 items for €0.60"
  timestamp: "2022-05-22 19:33:51.597381"
  type: "purchase"
  Assets:Inventory:Bar              -1 KITKAT
  Liabilities:Bar:Members:Elvis      1 KITKAT
  Liabilities:Bar:Members:Elvis   0.60 EUR   
  Income:Bar                     -0.60 EUR   

2022-05-24 txn "Yvan bought 1 items for €0.60"
  timestamp: "2022-05-24 11:48:53.562810"
  type: "purchase"
  Assets:Inventory:Bar             -1 TWIX
  Liabilities:Bar:Members:Yvan      1 TWIX
  Liabilities:Bar:Members:Yvan   0.60 EUR 
  Income:Bar                    -0.60 EUR 

2022-05-24 txn "Evils bought 1 items for €0.70"
  timestamp: "2022-05-24 20:20:31.317065"
  type: "purchase"
  Assets:Inventory:Bar              -1 CHOCO_MILK
  Liabilities:Bar:Members:Elvis      1 CHOCO_MILK
  Liabilities:Bar:Members:Elvis   0.70 EUR       
  Income:Bar                     -0.70 EUR       

2022-05-24 txn "Evils bought 1 items for €0.60"
  timestamp: "2022-05-24 21:06:56.544110"
  type: "purchase"
  Assets:Inventory:Bar              -1 TWIX
  Liabilities:Bar:Members:Elvis      1 TWIX
  Liabilities:Bar:Members:Elvis   0.60 EUR 
  Income:Bar                     -0.60 EUR 

2022-05-26 txn "Els bought 2 items for €4.00"
  timestamp: "2022-05-26 11:02:28.926948"
  type: "purchase"
  Assets:Inventory:Bar            -2 FLORA
  Liabilities:Bar:Members:Els      2 FLORA
  Liabilities:Bar:Members:Els   4.00 EUR  
  Income:Bar                   -4.00 EUR  

2022-05-26 txn "On8wr bought 1 items for €2.00"
  timestamp: "2022-05-26 12:22:00.852701"
  type: "purchase"
  Assets:Inventory:Bar              -1 CM 
  Liabilities:Bar:Members:On8wr      1 CM 
  Liabilities:Bar:Members:On8wr   2.00 EUR
  Income:Bar                     -2.00 EUR

2022-05-26 txn "On8wr bought 1 items for €0.60"
  timestamp: "2022-05-26 12:23:18.803289"
  type: "purchase"
  Assets:Inventory:Bar              -1 BOUNTY
  Liabilities:Bar:Members:On8wr      1 BOUNTY
  Liabilities:Bar:Members:On8wr   0.60 EUR   
  Income:Bar                     -0.60 EUR   

2022-05-26 txn "On8wr bought 2 items for €3.00"
  timestamp: "2022-05-26 13:08:50.382593"
  type: "purchase"
  Assets:Inventory:Bar              -1 CM  
  Liabilities:Bar:Members:On8wr      1 CM  
  Assets:Inventory:Bar              -1 CHIP
  Liabilities:Bar:Members:On8wr      1 CHIP
  Liabilities:Bar:Members:On8wr   3.00 EUR 
  Income:Bar                     -3.00 EUR 

2022-05-26 txn "qwaxys bought 1 items for €2.00"
  timestamp: "2022-05-26 13:09:17.639461"
  type: "purchase"
  Assets:Inventory:Bar             -1 CMRED
  Liabilities:Bar:Members:Bart      1 CMRED
  Liabilities:Bar:Members:Bart   2.00 EUR  
  Income:Bar                    -2.00 EUR  

2022-05-26 txn "Koen bought 1 items for €2.00"
  timestamp: "2022-05-26 13:09:43.401156"
  type: "purchase"
  Assets:Inventory:Bar             -1 CM 
  Liabilities:Bar:Members:Koen      1 CM 
  Liabilities:Bar:Members:Koen   2.00 EUR
  Income:Bar                    -2.00 EUR

2022-05-26 txn "Nachtvlinder bought 1 items for €2.00"
  timestamp: "2022-05-26 13:23:28.601739"
  type: "purchase"
  Assets:Inventory:Bar             -1 FRITZ
  Liabilities:Bar:Members:Maja      1 FRITZ
  Liabilities:Bar:Members:Maja   2.00 EUR  
  Income:Bar                    -2.00 EUR  

2022-05-26 txn "On8wr bought 1 items for €2.00"
  timestamp: "2022-05-26 13:36:10.242209"
  type: "purchase"
  Assets:Inventory:Bar              -1 FRITZ
  Liabilities:Bar:Members:On8wr      1 FRITZ
  Liabilities:Bar:Members:On8wr   2.00 EUR  
  Income:Bar                     -2.00 EUR  

2022-05-26 txn "On8wr bought 1 items for €2.00"
  timestamp: "2022-05-26 14:24:33.468835"
  type: "purchase"
  Assets:Inventory:Bar              -1 CM 
  Liabilities:Bar:Members:On8wr      1 CM 
  Liabilities:Bar:Members:On8wr   2.00 EUR
  Income:Bar                     -2.00 EUR

2022-05-26 txn "Nachtvlinder deposited €40.00"
  timestamp: "2022-05-26 14:48:28.255025"
  type: "deposit"
  Liabilities:Bar:Members:Maja  -40.00 EUR
  Assets:Cash:Bar                40.00 EUR

2022-05-26 txn "Nachtvlinder deposited €-20.00"
  timestamp: "2022-05-26 14:49:00.805019"
  type: "deposit"
  Liabilities:Bar:Members:Maja   20.00 EUR
  Assets:Cash:Bar               -20.00 EUR

2022-05-26 txn "--CASH-- bought 2 items for €3.50"
  timestamp: "2022-05-26 14:58:16.992074"
  type: "purchase"
  Assets:Inventory:Bar     -1 CMRED
  Assets:Cash:Bar           1 CMRED
  Assets:Inventory:Bar     -1 FANTA
  Assets:Cash:Bar           1 FANTA
  Assets:Cash:Bar        3.50 EUR  
  Income:Bar            -3.50 EUR  

2022-05-26 txn "Matth bought 1 items for €2.00"
  timestamp: "2022-05-26 16:19:06.770099"
  type: "purchase"
  Assets:Inventory:Bar              -1 CMRED
  Liabilities:Bar:Members:Matth      1 CMRED
  Liabilities:Bar:Members:Matth   2.00 EUR  
  Income:Bar                     -2.00 EUR  

2022-05-26 txn "Matth deposited €2.00"
  timestamp: "2022-05-26 16:19:46.273916"
  type: "deposit"
  Liabilities:Bar:Members:Matth  -2.00 EUR
  Assets:Cash:Bar                 2.00 EUR

2022-05-26 txn "On8wr bought 1 items for €1.00"
  timestamp: "2022-05-26 16:39:14.030474"
  type: "purchase"
  Assets:Inventory:Bar              -1 CHIP
  Liabilities:Bar:Members:On8wr      1 CHIP
  Liabilities:Bar:Members:On8wr   1.00 EUR 
  Income:Bar                     -1.00 EUR 

2022-05-26 txn "On8wr bought 1 items for €2.00"
  timestamp: "2022-05-26 16:45:38.377321"
  type: "purchase"
  Assets:Inventory:Bar              -1 CM 
  Liabilities:Bar:Members:On8wr      1 CM 
  Liabilities:Bar:Members:On8wr   2.00 EUR
  Income:Bar                     -2.00 EUR

2022-05-26 txn "qwaxys bought 1 items for €2.00"
  timestamp: "2022-05-26 17:02:52.858782"
  type: "purchase"
  Assets:Inventory:Bar             -1 FRITZ
  Liabilities:Bar:Members:Bart      1 FRITZ
  Liabilities:Bar:Members:Bart   2.00 EUR  
  Income:Bar                    -2.00 EUR  

2022-05-26 txn "On8wr bought 1 items for €0.60"
  timestamp: "2022-05-26 17:13:44.207856"
  type: "purchase"
  Assets:Inventory:Bar              -1 BOUNTY
  Liabilities:Bar:Members:On8wr      1 BOUNTY
  Liabilities:Bar:Members:On8wr   0.60 EUR   
  Income:Bar                     -0.60 EUR   

2022-05-26 txn "On8wr bought 1 items for €1.50"
  timestamp: "2022-05-26 18:06:33.556902"
  type: "purchase"
  Assets:Inventory:Bar              -1 SCHWEPPES
  Liabilities:Bar:Members:On8wr      1 SCHWEPPES
  Liabilities:Bar:Members:On8wr   1.50 EUR      
  Income:Bar                     -1.50 EUR      

2022-05-26 txn "On8wr deposited €20.00"
  timestamp: "2022-05-26 18:07:41.808055"
  type: "deposit"
  Liabilities:Bar:Members:On8wr  -20.00 EUR
  Assets:Cash:Bar                 20.00 EUR

2022-05-26 txn "Yvan gave qwaxys a gift of €30.00"
  timestamp: "2022-05-26 18:17:50.844815"
  type: "transfer"
  Liabilities:Bar:Members:Yvan   30.00 EUR
  Liabilities:Bar:Members:Bart  -30.00 EUR

2022-05-26 txn "Yvan bought 2 items for €2.60"
  timestamp: "2022-05-26 18:25:14.078022"
  type: "purchase"
  Assets:Inventory:Bar             -1 FRITZ 
  Liabilities:Bar:Members:Yvan      1 FRITZ 
  Assets:Inventory:Bar             -1 KITKAT
  Liabilities:Bar:Members:Yvan      1 KITKAT
  Liabilities:Bar:Members:Yvan   2.60 EUR   
  Income:Bar                    -2.60 EUR   

2022-05-26 txn "Fearless bought 1 items for €1.50"
  timestamp: "2022-05-26 18:34:58.384569"
  type: "purchase"
  Assets:Inventory:Bar                 -1 ICETEA
  Liabilities:Bar:Members:Fearless      1 ICETEA
  Liabilities:Bar:Members:Fearless   1.50 EUR   
  Income:Bar                        -1.50 EUR   

2022-05-26 txn "Evils bought 1 items for €2.00"
  timestamp: "2022-05-26 19:04:07.159863"
  type: "purchase"
  Assets:Inventory:Bar              -1 FLORA
  Liabilities:Bar:Members:Elvis      1 FLORA
  Liabilities:Bar:Members:Elvis   2.00 EUR  
  Income:Bar                     -2.00 EUR  

2022-05-26 txn "Bloemist bought 2 items for €2.60"
  timestamp: "2022-05-26 19:11:53.615036"
  type: "purchase"
  Assets:Inventory:Bar                 -1 TWIX 
  Liabilities:Bar:Members:Bloemist      1 TWIX 
  Assets:Inventory:Bar                 -1 FRITZ
  Liabilities:Bar:Members:Bloemist      1 FRITZ
  Liabilities:Bar:Members:Bloemist   2.60 EUR  
  Income:Bar                        -2.60 EUR  

2022-05-26 txn "Koen bought 1 items for €1.50"
  timestamp: "2022-05-26 19:14:03.385394"
  type: "purchase"
  Assets:Inventory:Bar             -1 JUPILER
  Liabilities:Bar:Members:Koen      1 JUPILER
  Liabilities:Bar:Members:Koen   1.50 EUR    
  Income:Bar                    -1.50 EUR    

2022-05-26 txn "qwaxys bought 1 items for €2.00"
  timestamp: "2022-05-26 19:16:13.101003"
  type: "purchase"
  Assets:Inventory:Bar             -1 FRITZ
  Liabilities:Bar:Members:Bart      1 FRITZ
  Liabilities:Bar:Members:Bart   2.00 EUR  
  Income:Bar                    -2.00 EUR  

2022-05-26 txn "Miker bought 1 items for €2.00"
  timestamp: "2022-05-26 20:11:55.167061"
  type: "purchase"
  Assets:Inventory:Bar              -1 FRITZ_ZERO
  Liabilities:Bar:Members:Miker      1 FRITZ_ZERO
  Liabilities:Bar:Members:Miker   2.00 EUR       
  Income:Bar                     -2.00 EUR       

2022-05-26 txn "On8wr bought 1 items for €1.00"
  timestamp: "2022-05-26 20:34:32.181615"
  type: "purchase"
  Assets:Inventory:Bar              -1 CHIP
  Liabilities:Bar:Members:On8wr      1 CHIP
  Liabilities:Bar:Members:On8wr   1.00 EUR 
  Income:Bar                     -1.00 EUR 

2022-05-26 txn "On8wr bought 1 items for €1.50"
  timestamp: "2022-05-26 20:35:05.202373"
  type: "purchase"
  Assets:Inventory:Bar              -1 SCHWEPPES
  Liabilities:Bar:Members:On8wr      1 SCHWEPPES
  Liabilities:Bar:Members:On8wr   1.50 EUR      
  Income:Bar                     -1.50 EUR      

2022-05-26 txn "Bloemist bought 1 items for €2.00"
  timestamp: "2022-05-26 20:35:37.633492"
  type: "purchase"
  Assets:Inventory:Bar                 -1 FRITZ
  Liabilities:Bar:Members:Bloemist      1 FRITZ
  Liabilities:Bar:Members:Bloemist   2.00 EUR  
  Income:Bar                        -2.00 EUR  

2022-05-26 txn "Koen bought 2 items for €2.00"
  timestamp: "2022-05-26 20:36:35.772962"
  type: "purchase"
  Assets:Inventory:Bar             -2 CHIP
  Liabilities:Bar:Members:Koen      2 CHIP
  Liabilities:Bar:Members:Koen   2.00 EUR 
  Income:Bar                    -2.00 EUR 

2022-05-26 txn "Koen deposited €0.50"
  timestamp: "2022-05-26 20:54:15.041031"
  type: "deposit"
  Liabilities:Bar:Members:Koen  -0.50 EUR
  Assets:Cash:Bar                0.50 EUR

2022-05-26 txn "Koen deposited €1.00"
  timestamp: "2022-05-26 20:55:03.919288"
  type: "deposit"
  Liabilities:Bar:Members:Koen  -1.00 EUR
  Assets:Cash:Bar                1.00 EUR

2022-05-26 txn "Fearless bought 1 items for €1.50"
  timestamp: "2022-05-26 21:21:44.290121"
  type: "purchase"
  Assets:Inventory:Bar                 -1 ICETEA
  Liabilities:Bar:Members:Fearless      1 ICETEA
  Liabilities:Bar:Members:Fearless   1.50 EUR   
  Income:Bar                        -1.50 EUR   

2022-05-26 txn "Miker bought 1 items for €1.50"
  timestamp: "2022-05-26 21:51:10.630936"
  type: "purchase"
  Assets:Inventory:Bar              -1 JUPILER
  Liabilities:Bar:Members:Miker      1 JUPILER
  Liabilities:Bar:Members:Miker   1.50 EUR    
  Income:Bar                     -1.50 EUR    

2022-05-26 txn "Miker deposited €50.00"
  timestamp: "2022-05-26 21:51:50.031918"
  type: "deposit"
  Liabilities:Bar:Members:Miker  -50.00 EUR
  Assets:Cash:Bar                 50.00 EUR

2022-05-26 txn "Nachtvlinder bought 2 items for €2.60"
  timestamp: "2022-05-26 22:14:45.306463"
  type: "purchase"
  Assets:Inventory:Bar             -1 FRITZ 
  Liabilities:Bar:Members:Maja      1 FRITZ 
  Assets:Inventory:Bar             -1 BOUNTY
  Liabilities:Bar:Members:Maja      1 BOUNTY
  Liabilities:Bar:Members:Maja   2.60 EUR   
  Income:Bar                    -2.60 EUR   

2022-05-26 txn "Fearless bought 1 items for €2.00"
  timestamp: "2022-05-26 22:17:07.385224"
  type: "purchase"
  Assets:Inventory:Bar                 -1 FRITZ
  Liabilities:Bar:Members:Fearless      1 FRITZ
  Liabilities:Bar:Members:Fearless   2.00 EUR  
  Income:Bar                        -2.00 EUR  

2022-05-26 txn "Koen gave Bloemist a gift of €10.50"
  timestamp: "2022-05-26 23:00:50.117778"
  type: "transfer"
  Liabilities:Bar:Members:Koen       10.50 EUR
  Liabilities:Bar:Members:Bloemist  -10.50 EUR

2022-05-26 txn "Koen deposited €12.00"
  timestamp: "2022-05-26 23:02:14.273085"
  type: "deposit"
  Liabilities:Bar:Members:Koen  -12.00 EUR
  Assets:Cash:Bar                12.00 EUR

2022-05-26 txn "On8wr gave Bloemist a gift of €13.30"
  timestamp: "2022-05-26 23:02:34.401043"
  type: "transfer"
  Liabilities:Bar:Members:On8wr      13.30 EUR
  Liabilities:Bar:Members:Bloemist  -13.30 EUR

2022-05-26 txn "On8wr deposited €10.00"
  timestamp: "2022-05-26 23:13:52.091949"
  type: "deposit"
  Liabilities:Bar:Members:On8wr  -10.00 EUR
  Assets:Cash:Bar                 10.00 EUR

2022-05-26 txn "On8wr bought 1 items for €2.00"
  timestamp: "2022-05-26 23:14:37.614610"
  type: "purchase"
  Assets:Inventory:Bar              -1 FRITZ
  Liabilities:Bar:Members:On8wr      1 FRITZ
  Liabilities:Bar:Members:On8wr   2.00 EUR  
  Income:Bar                     -2.00 EUR  

2022-05-26 txn "Bloemist bought 2 items for €3.00"
  timestamp: "2022-05-26 23:20:27.930353"
  type: "purchase"
  Assets:Inventory:Bar                 -2 SCHWEPPES
  Liabilities:Bar:Members:Bloemist      2 SCHWEPPES
  Liabilities:Bar:Members:Bloemist   3.00 EUR      
  Income:Bar                        -3.00 EUR      

2022-05-27 txn "Nachtvlinder bought 4 items for €4.70"
  timestamp: "2022-05-27 18:27:33.357054"
  type: "purchase"
  Assets:Inventory:Bar             -1 CM    
  Liabilities:Bar:Members:Maja      1 CM    
  Assets:Inventory:Bar             -1 ICETEA
  Liabilities:Bar:Members:Maja      1 ICETEA
  Assets:Inventory:Bar             -2 BOUNTY
  Liabilities:Bar:Members:Maja      2 BOUNTY
  Liabilities:Bar:Members:Maja   4.70 EUR   
  Income:Bar                    -4.70 EUR   

2022-05-27 txn "Nachtvlinder bought 1 items for €2.00"
  timestamp: "2022-05-27 20:09:26.255828"
  type: "purchase"
  Assets:Inventory:Bar             -1 FRITZ
  Liabilities:Bar:Members:Maja      1 FRITZ
  Liabilities:Bar:Members:Maja   2.00 EUR  
  Income:Bar                    -2.00 EUR  

2022-05-28 txn "Carro​armato0 bought 3 items for €1.80"
  timestamp: "2022-05-28 08:24:44.682616"
  type: "purchase"
  Assets:Inventory:Bar                     -1 KITKAT  
  Liabilities:Bar:Members:Carroarmato0      1 KITKAT  
  Assets:Inventory:Bar                     -1 SNICKERS
  Liabilities:Bar:Members:Carroarmato0      1 SNICKERS
  Assets:Inventory:Bar                     -1 SNACK   
  Liabilities:Bar:Members:Carroarmato0      1 SNACK   
  Liabilities:Bar:Members:Carroarmato0   1.80 EUR     
  Income:Bar                            -1.80 EUR     

2022-05-28 txn "Carro​armato0 bought 2 items for €1.20"
  timestamp: "2022-05-28 10:45:43.122301"
  type: "purchase"
  Assets:Inventory:Bar                     -1 KITKAT  
  Liabilities:Bar:Members:Carroarmato0      1 KITKAT  
  Assets:Inventory:Bar                     -1 SNICKERS
  Liabilities:Bar:Members:Carroarmato0      1 SNICKERS
  Liabilities:Bar:Members:Carroarmato0   1.20 EUR     
  Income:Bar                            -1.20 EUR     

2022-05-28 txn "Nachtvlinder bought 2 items for €2.60"
  timestamp: "2022-05-28 17:19:40.953357"
  type: "purchase"
  Assets:Inventory:Bar             -1 FRITZ 
  Liabilities:Bar:Members:Maja      1 FRITZ 
  Assets:Inventory:Bar             -1 BOUNTY
  Liabilities:Bar:Members:Maja      1 BOUNTY
  Liabilities:Bar:Members:Maja   2.60 EUR   
  Income:Bar                    -2.60 EUR   

2022-05-28 txn "Nachtvlinder bought 2 items for €2.50"
  timestamp: "2022-05-28 18:09:16.660964"
  type: "purchase"
  Assets:Inventory:Bar             -1 COKE
  Liabilities:Bar:Members:Maja      1 COKE
  Assets:Inventory:Bar             -1 CHIP
  Liabilities:Bar:Members:Maja      1 CHIP
  Liabilities:Bar:Members:Maja   2.50 EUR 
  Income:Bar                    -2.50 EUR 

2022-05-29 txn "Nachtvlinder bought 2 items for €2.60"
  timestamp: "2022-05-29 04:47:22.689375"
  type: "purchase"
  Assets:Inventory:Bar             -1 FRITZ
  Liabilities:Bar:Members:Maja      1 FRITZ
  Assets:Inventory:Bar             -1 SNACK
  Liabilities:Bar:Members:Maja      1 SNACK
  Liabilities:Bar:Members:Maja   2.60 EUR  
  Income:Bar                    -2.60 EUR  

2022-05-29 txn "Nachtvlinder bought 2 items for €2.10"
  timestamp: "2022-05-29 06:03:28.854182"
  type: "purchase"
  Assets:Inventory:Bar             -1 COKE  
  Liabilities:Bar:Members:Maja      1 COKE  
  Assets:Inventory:Bar             -1 BOUNTY
  Liabilities:Bar:Members:Maja      1 BOUNTY
  Liabilities:Bar:Members:Maja   2.10 EUR   
  Income:Bar                    -2.10 EUR   

2022-05-29 txn "Nachtvlinder bought 2 items for €2.10"
  timestamp: "2022-05-29 10:43:07.393310"
  type: "purchase"
  Assets:Inventory:Bar             -1 ICETEA
  Liabilities:Bar:Members:Maja      1 ICETEA
  Assets:Inventory:Bar             -1 BOUNTY
  Liabilities:Bar:Members:Maja      1 BOUNTY
  Liabilities:Bar:Members:Maja   2.10 EUR   
  Income:Bar                    -2.10 EUR   

2022-05-31 txn "Nachtvlinder bought 3 items for €4.10"
  timestamp: "2022-05-31 16:24:19.681296"
  type: "purchase"
  Assets:Inventory:Bar             -1 FRITZ 
  Liabilities:Bar:Members:Maja      1 FRITZ 
  Assets:Inventory:Bar             -1 BOUNTY
  Liabilities:Bar:Members:Maja      1 BOUNTY
  Assets:Inventory:Bar             -1 ICETEA
  Liabilities:Bar:Members:Maja      1 ICETEA
  Liabilities:Bar:Members:Maja   4.10 EUR   
  Income:Bar                    -4.10 EUR   

2022-05-31 txn "Nachtvlinder bought 1 items for €0.70"
  timestamp: "2022-05-31 17:37:47.741207"
  type: "purchase"
  Assets:Inventory:Bar             -1 CHOCO_MILK
  Liabilities:Bar:Members:Maja      1 CHOCO_MILK
  Liabilities:Bar:Members:Maja   0.70 EUR       
  Income:Bar                    -0.70 EUR       

2022-05-31 txn "Nachtvlinder bought 1 items for €0.60"
  timestamp: "2022-05-31 18:27:53.219432"
  type: "purchase"
  Assets:Inventory:Bar             -1 TWIX
  Liabilities:Bar:Members:Maja      1 TWIX
  Liabilities:Bar:Members:Maja   0.60 EUR 
  Income:Bar                    -0.60 EUR 

2022-05-31 txn "Nachtvlinder bought 1 items for €2.00"
  timestamp: "2022-05-31 19:42:47.148111"
  type: "purchase"
  Assets:Inventory:Bar             -1 FRITZ
  Liabilities:Bar:Members:Maja      1 FRITZ
  Liabilities:Bar:Members:Maja   2.00 EUR  
  Income:Bar                    -2.00 EUR  

2022-05-31 txn "Nachtvlinder deposited €15.00"
  timestamp: "2022-05-31 19:43:52.529775"
  type: "deposit"
  Liabilities:Bar:Members:Maja  -15.00 EUR
  Assets:Cash:Bar                15.00 EUR

2022-05-31 txn "Nachtvlinder deposited €9.00"
  timestamp: "2022-05-31 19:45:28.634640"
  type: "deposit"
  Liabilities:Bar:Members:Maja  -9.00 EUR
  Assets:Cash:Bar                9.00 EUR

2022-05-31 txn "Nachtvlinder bought 2 items for €2.10"
  timestamp: "2022-05-31 21:55:23.684030"
  type: "purchase"
  Assets:Inventory:Bar             -1 COKE  
  Liabilities:Bar:Members:Maja      1 COKE  
  Assets:Inventory:Bar             -1 KITKAT
  Liabilities:Bar:Members:Maja      1 KITKAT
  Liabilities:Bar:Members:Maja   2.10 EUR   
  Income:Bar                    -2.10 EUR   

2022-06-01 txn "Sander bought 1 items for €2.00"
  timestamp: "2022-06-01 14:00:17.272035"
  type: "purchase"
  Assets:Inventory:Bar               -1 FRITZ
  Liabilities:Bar:Members:Sander      1 FRITZ
  Liabilities:Bar:Members:Sander   2.00 EUR  
  Income:Bar                      -2.00 EUR  

2022-06-02 txn "Nachtvlinder bought 2 items for €2.60"
  timestamp: "2022-06-02 14:17:22.861290"
  type: "purchase"
  Assets:Inventory:Bar             -1 BOUNTY
  Liabilities:Bar:Members:Maja      1 BOUNTY
  Assets:Inventory:Bar             -1 FRITZ 
  Liabilities:Bar:Members:Maja      1 FRITZ 
  Liabilities:Bar:Members:Maja   2.60 EUR   
  Income:Bar                    -2.60 EUR   

2022-06-02 txn "Sander bought 2 items for €2.60"
  timestamp: "2022-06-02 14:55:48.570105"
  type: "purchase"
  Assets:Inventory:Bar               -1 FRITZ 
  Liabilities:Bar:Members:Sander      1 FRITZ 
  Assets:Inventory:Bar               -1 BOUNTY
  Liabilities:Bar:Members:Sander      1 BOUNTY
  Liabilities:Bar:Members:Sander   2.60 EUR   
  Income:Bar                      -2.60 EUR   

2022-06-02 txn "Sander bought 1 items for €0.60"
  timestamp: "2022-06-02 15:03:28.429948"
  type: "purchase"
  Assets:Inventory:Bar               -1 BOUNTY
  Liabilities:Bar:Members:Sander      1 BOUNTY
  Liabilities:Bar:Members:Sander   0.60 EUR   
  Income:Bar                      -0.60 EUR   

2022-06-02 txn "Nachtvlinder bought 2 items for €2.10"
  timestamp: "2022-06-02 16:26:05.179584"
  type: "purchase"
  Assets:Inventory:Bar             -1 COKE  
  Liabilities:Bar:Members:Maja      1 COKE  
  Assets:Inventory:Bar             -1 KITKAT
  Liabilities:Bar:Members:Maja      1 KITKAT
  Liabilities:Bar:Members:Maja   2.10 EUR   
  Income:Bar                    -2.10 EUR   

2022-06-02 txn "Evils bought 1 items for €1.50"
  timestamp: "2022-06-02 16:35:52.349343"
  type: "purchase"
  Assets:Inventory:Bar              -1 COKE
  Liabilities:Bar:Members:Elvis      1 COKE
  Liabilities:Bar:Members:Elvis   1.50 EUR 
  Income:Bar                     -1.50 EUR 

2022-06-02 txn "--CASH-- bought 1 items for €1.50"
  timestamp: "2022-06-02 16:41:57.798677"
  type: "purchase"
  Assets:Inventory:Bar     -1 COKE_ZERO
  Assets:Cash:Bar           1 COKE_ZERO
  Assets:Cash:Bar        1.50 EUR      
  Income:Bar            -1.50 EUR      

2022-06-02 txn "Nachtvlinder bought 2 items for €2.10"
  timestamp: "2022-06-02 17:11:01.380241"
  type: "purchase"
  Assets:Inventory:Bar             -1 ICETEA
  Liabilities:Bar:Members:Maja      1 ICETEA
  Assets:Inventory:Bar             -1 BOUNTY
  Liabilities:Bar:Members:Maja      1 BOUNTY
  Liabilities:Bar:Members:Maja   2.10 EUR   
  Income:Bar                    -2.10 EUR   

2022-06-02 txn "Thomas bought 1 items for €2.50"
  timestamp: "2022-06-02 17:43:32.889489"
  type: "purchase"
  Assets:Inventory:Bar               -1 MYSTERY
  Liabilities:Bar:Members:Thomas      1 MYSTERY
  Liabilities:Bar:Members:Thomas   2.50 EUR    
  Income:Bar                      -2.50 EUR    

2022-06-02 txn "Miker bought 1 items for €2.00"
  timestamp: "2022-06-02 18:05:47.573443"
  type: "purchase"
  Assets:Inventory:Bar              -1 FRITZ
  Liabilities:Bar:Members:Miker      1 FRITZ
  Liabilities:Bar:Members:Miker   2.00 EUR  
  Income:Bar                     -2.00 EUR  

2022-06-02 txn "Miker bought 1 items for €1.50"
  timestamp: "2022-06-02 18:36:20.183019"
  type: "purchase"
  Assets:Inventory:Bar              -1 JUPILER
  Liabilities:Bar:Members:Miker      1 JUPILER
  Liabilities:Bar:Members:Miker   1.50 EUR    
  Income:Bar                     -1.50 EUR    

2022-06-02 txn "Thomas bought 1 items for €2.50"
  timestamp: "2022-06-02 18:36:27.665396"
  type: "purchase"
  Assets:Inventory:Bar               -1 MYSTERY
  Liabilities:Bar:Members:Thomas      1 MYSTERY
  Liabilities:Bar:Members:Thomas   2.50 EUR    
  Income:Bar                      -2.50 EUR    

2022-06-02 txn "Thomas bought 1 items for €1.00"
  timestamp: "2022-06-02 18:38:35.628342"
  type: "purchase"
  Assets:Inventory:Bar               -1 CHIP
  Liabilities:Bar:Members:Thomas      1 CHIP
  Liabilities:Bar:Members:Thomas   1.00 EUR 
  Income:Bar                      -1.00 EUR 

2022-06-02 txn "Evils bought 1 items for €2.00"
  timestamp: "2022-06-02 18:59:14.223219"
  type: "purchase"
  Assets:Inventory:Bar              -1 FRITZ
  Liabilities:Bar:Members:Elvis      1 FRITZ
  Liabilities:Bar:Members:Elvis   2.00 EUR  
  Income:Bar                     -2.00 EUR  

2022-06-02 txn "--CASH-- bought 1 items for €2.00"
  timestamp: "2022-06-02 18:59:39.531811"
  type: "purchase"
  Assets:Inventory:Bar     -1 FRITZ
  Assets:Cash:Bar           1 FRITZ
  Assets:Cash:Bar        2.00 EUR  
  Income:Bar            -2.00 EUR  

2022-06-02 txn "Thomas bought 1 items for €0.60"
  timestamp: "2022-06-02 19:28:22.079249"
  type: "purchase"
  Assets:Inventory:Bar               -1 SNICKERS
  Liabilities:Bar:Members:Thomas      1 SNICKERS
  Liabilities:Bar:Members:Thomas   0.60 EUR     
  Income:Bar                      -0.60 EUR     

2022-06-02 txn "Miker bought 2 items for €2.60"
  timestamp: "2022-06-02 19:33:26.156637"
  type: "purchase"
  Assets:Inventory:Bar              -1 FRITZ   
  Liabilities:Bar:Members:Miker      1 FRITZ   
  Assets:Inventory:Bar              -1 SNICKERS
  Liabilities:Bar:Members:Miker      1 SNICKERS
  Liabilities:Bar:Members:Miker   2.60 EUR     
  Income:Bar                     -2.60 EUR     

2022-06-02 txn "Thomas deposited €20.00"
  timestamp: "2022-06-02 19:36:09.877819"
  type: "deposit"
  Liabilities:Bar:Members:Thomas  -20.00 EUR
  Assets:Cash:Bar                  20.00 EUR

2022-06-02 txn "Thomas bought 1 items for €1.50"
  timestamp: "2022-06-02 20:17:51.776142"
  type: "purchase"
  Assets:Inventory:Bar               -1 HG 
  Liabilities:Bar:Members:Thomas      1 HG 
  Liabilities:Bar:Members:Thomas   1.50 EUR
  Income:Bar                      -1.50 EUR

2022-06-02 txn "Fearless bought 1 items for €2.00"
  timestamp: "2022-06-02 20:21:25.738747"
  type: "purchase"
  Assets:Inventory:Bar                 -1 FRITZ
  Liabilities:Bar:Members:Fearless      1 FRITZ
  Liabilities:Bar:Members:Fearless   2.00 EUR  
  Income:Bar                        -2.00 EUR  

2022-06-02 txn "Nachtvlinder bought 1 items for €2.00"
  timestamp: "2022-06-02 20:30:01.303559"
  type: "purchase"
  Assets:Inventory:Bar             -1 FRITZ
  Liabilities:Bar:Members:Maja      1 FRITZ
  Liabilities:Bar:Members:Maja   2.00 EUR  
  Income:Bar                    -2.00 EUR  

2022-06-02 txn "Sander bought 1 items for €1.50"
  timestamp: "2022-06-02 21:36:02.975613"
  type: "purchase"
  Assets:Inventory:Bar               -1 ICETEA
  Liabilities:Bar:Members:Sander      1 ICETEA
  Liabilities:Bar:Members:Sander   1.50 EUR   
  Income:Bar                      -1.50 EUR   

2022-06-02 txn "Evils bought 1 items for €2.00"
  timestamp: "2022-06-02 22:15:50.757383"
  type: "purchase"
  Assets:Inventory:Bar              -1 FRITZ
  Liabilities:Bar:Members:Elvis      1 FRITZ
  Liabilities:Bar:Members:Elvis   2.00 EUR  
  Income:Bar                     -2.00 EUR  

2022-06-02 txn "Miker bought 1 items for €2.00"
  timestamp: "2022-06-02 22:17:09.872708"
  type: "purchase"
  Assets:Inventory:Bar              -1 CMRED
  Liabilities:Bar:Members:Miker      1 CMRED
  Liabilities:Bar:Members:Miker   2.00 EUR  
  Income:Bar                     -2.00 EUR  

2022-06-02 txn "Fearless bought 1 items for €2.00"
  timestamp: "2022-06-02 22:18:35.347136"
  type: "purchase"
  Assets:Inventory:Bar                 -1 FRITZ
  Liabilities:Bar:Members:Fearless      1 FRITZ
  Liabilities:Bar:Members:Fearless   2.00 EUR  
  Income:Bar                        -2.00 EUR  

2022-06-02 txn "Sander deposited €50.00"
  timestamp: "2022-06-02 22:24:50.585837"
  type: "deposit"
  Liabilities:Bar:Members:Sander  -50.00 EUR
  Assets:Cash:Bar                  50.00 EUR

2022-06-02 txn "Sander gave Yvan a gift of €36.00"
  timestamp: "2022-06-02 22:25:22.825912"
  type: "transfer"
  Liabilities:Bar:Members:Sander   36.00 EUR
  Liabilities:Bar:Members:Yvan    -36.00 EUR

2022-06-03 txn "Nachtvlinder bought 1 items for €0.70"
  timestamp: "2022-06-03 00:06:00.385024"
  type: "purchase"
  Assets:Inventory:Bar             -1 CHOCO_MILK
  Liabilities:Bar:Members:Maja      1 CHOCO_MILK
  Liabilities:Bar:Members:Maja   0.70 EUR       
  Income:Bar                    -0.70 EUR       

2022-06-03 txn "Nachtvlinder bought 1 items for €2.00"
  timestamp: "2022-06-03 17:08:41.801658"
  type: "purchase"
  Assets:Inventory:Bar             -1 FRITZ
  Liabilities:Bar:Members:Maja      1 FRITZ
  Liabilities:Bar:Members:Maja   2.00 EUR  
  Income:Bar                    -2.00 EUR  

2022-06-03 txn "Nachtvlinder bought 2 items for €2.60"
  timestamp: "2022-06-03 20:33:52.211536"
  type: "purchase"
  Assets:Inventory:Bar             -1 FRITZ 
  Liabilities:Bar:Members:Maja      1 FRITZ 
  Assets:Inventory:Bar             -1 KITKAT
  Liabilities:Bar:Members:Maja      1 KITKAT
  Liabilities:Bar:Members:Maja   2.60 EUR   
  Income:Bar                    -2.60 EUR   

2022-06-04 txn "Nachtvlinder bought 2 items for €2.60"
  timestamp: "2022-06-04 14:38:10.224981"
  type: "purchase"
  Assets:Inventory:Bar             -1 FRITZ 
  Liabilities:Bar:Members:Maja      1 FRITZ 
  Assets:Inventory:Bar             -1 BOUNTY
  Liabilities:Bar:Members:Maja      1 BOUNTY
  Liabilities:Bar:Members:Maja   2.60 EUR   
  Income:Bar                    -2.60 EUR   

2022-06-05 txn "Els bought 2 items for €2.60"
  timestamp: "2022-06-05 14:30:36.919164"
  type: "purchase"
  Assets:Inventory:Bar            -1 FRITZ 
  Liabilities:Bar:Members:Els      1 FRITZ 
  Assets:Inventory:Bar            -1 KITKAT
  Liabilities:Bar:Members:Els      1 KITKAT
  Liabilities:Bar:Members:Els   2.60 EUR   
  Income:Bar                   -2.60 EUR   

2022-06-05 txn "Yvan bought 1 items for €0.60"
  timestamp: "2022-06-05 14:38:06.710188"
  type: "purchase"
  Assets:Inventory:Bar             -1 KITKAT
  Liabilities:Bar:Members:Yvan      1 KITKAT
  Liabilities:Bar:Members:Yvan   0.60 EUR   
  Income:Bar                    -0.60 EUR   

2022-06-05 txn "Sander bought 2 items for €2.60"
  timestamp: "2022-06-05 14:58:09.233018"
  type: "purchase"
  Assets:Inventory:Bar               -1 FRITZ 
  Liabilities:Bar:Members:Sander      1 FRITZ 
  Assets:Inventory:Bar               -1 BOUNTY
  Liabilities:Bar:Members:Sander      1 BOUNTY
  Liabilities:Bar:Members:Sander   2.60 EUR   
  Income:Bar                      -2.60 EUR   

2022-06-05 txn "Yvan gave --CASH-- a gift of €100.00"
  timestamp: "2022-06-05 15:07:21.581718"
  type: "transfer"
  Liabilities:Bar:Members:Yvan   100.00 EUR
  Assets:Cash:Bar               -100.00 EUR

2022-06-05 txn "Sander bought 1 items for €0.60"
  timestamp: "2022-06-05 15:12:48.850700"
  type: "purchase"
  Assets:Inventory:Bar               -1 BOUNTY
  Liabilities:Bar:Members:Sander      1 BOUNTY
  Liabilities:Bar:Members:Sander   0.60 EUR   
  Income:Bar                      -0.60 EUR   

2022-06-05 txn "Sander bought 1 items for €2.00"
  timestamp: "2022-06-05 16:54:30.567065"
  type: "purchase"
  Assets:Inventory:Bar               -1 FRITZ
  Liabilities:Bar:Members:Sander      1 FRITZ
  Liabilities:Bar:Members:Sander   2.00 EUR  
  Income:Bar                      -2.00 EUR  

2022-06-07 txn "Fearless deposited €27.58"
  timestamp: "2022-06-07 13:38:38.565378"
  type: "deposit"
  Liabilities:Bar:Members:Fearless  -27.58 EUR
  Assets:Cash:Bar                    27.58 EUR

2022-06-07 txn "Fearless bought 1 items for €2.00"
  timestamp: "2022-06-07 13:39:23.546301"
  type: "purchase"
  Assets:Inventory:Bar                 -1 FRITZ
  Liabilities:Bar:Members:Fearless      1 FRITZ
  Liabilities:Bar:Members:Fearless   2.00 EUR  
  Income:Bar                        -2.00 EUR  

2022-06-07 txn "Evils bought 1 items for €0.60"
  timestamp: "2022-06-07 16:39:05.047724"
  type: "purchase"
  Assets:Inventory:Bar              -1 TWIX
  Liabilities:Bar:Members:Elvis      1 TWIX
  Liabilities:Bar:Members:Elvis   0.60 EUR 
  Income:Bar                     -0.60 EUR 

2022-06-07 txn "Evils bought 1 items for €1.00"
  timestamp: "2022-06-07 16:47:49.708987"
  type: "purchase"
  Assets:Inventory:Bar              -1 CHIP
  Liabilities:Bar:Members:Elvis      1 CHIP
  Liabilities:Bar:Members:Elvis   1.00 EUR 
  Income:Bar                     -1.00 EUR 

2022-06-07 txn "Evils bought 1 items for €2.00"
  timestamp: "2022-06-07 16:58:27.874514"
  type: "purchase"
  Assets:Inventory:Bar              -1 FRITZ
  Liabilities:Bar:Members:Elvis      1 FRITZ
  Liabilities:Bar:Members:Elvis   2.00 EUR  
  Income:Bar                     -2.00 EUR  

2022-06-07 txn "Bloemist bought 1 items for €1.50"
  timestamp: "2022-06-07 17:55:39.982302"
  type: "purchase"
  Assets:Inventory:Bar                 -1 COKE
  Liabilities:Bar:Members:Bloemist      1 COKE
  Liabilities:Bar:Members:Bloemist   1.50 EUR 
  Income:Bar                        -1.50 EUR 

2022-06-07 txn "Bloemist bought 1 items for €1.50"
  timestamp: "2022-06-07 18:49:55.480061"
  type: "purchase"
  Assets:Inventory:Bar                 -1 COKE
  Liabilities:Bar:Members:Bloemist      1 COKE
  Liabilities:Bar:Members:Bloemist   1.50 EUR 
  Income:Bar                        -1.50 EUR 

2022-06-07 txn "Bloemist bought 1 items for €1.50"
  timestamp: "2022-06-07 19:57:07.664298"
  type: "purchase"
  Assets:Inventory:Bar                 -1 ICETEA
  Liabilities:Bar:Members:Bloemist      1 ICETEA
  Liabilities:Bar:Members:Bloemist   1.50 EUR   
  Income:Bar                        -1.50 EUR   

2022-06-07 txn "Bloemist bought 2 items for €2.50"
  timestamp: "2022-06-07 21:17:45.041398"
  type: "purchase"
  Assets:Inventory:Bar                 -1 CHIP  
  Liabilities:Bar:Members:Bloemist      1 CHIP  
  Assets:Inventory:Bar                 -1 ICETEA
  Liabilities:Bar:Members:Bloemist      1 ICETEA
  Liabilities:Bar:Members:Bloemist   2.50 EUR   
  Income:Bar                        -2.50 EUR   

2022-06-07 txn "Evils bought 1 items for €0.70"
  timestamp: "2022-06-07 21:19:36.064977"
  type: "purchase"
  Assets:Inventory:Bar              -1 CHOCO_MILK
  Liabilities:Bar:Members:Elvis      1 CHOCO_MILK
  Liabilities:Bar:Members:Elvis   0.70 EUR       
  Income:Bar                     -0.70 EUR       

2022-06-07 txn "Evils bought 1 items for €0.60"
  timestamp: "2022-06-07 21:26:07.293485"
  type: "purchase"
  Assets:Inventory:Bar              -1 KITKAT
  Liabilities:Bar:Members:Elvis      1 KITKAT
  Liabilities:Bar:Members:Elvis   0.60 EUR   
  Income:Bar                     -0.60 EUR   

2022-06-08 txn "Bloemist bought 4 items for €5.00"
  timestamp: "2022-06-08 02:51:04.806639"
  type: "purchase"
  Assets:Inventory:Bar                 -2 ICETEA
  Liabilities:Bar:Members:Bloemist      2 ICETEA
  Assets:Inventory:Bar                 -2 CHIP  
  Liabilities:Bar:Members:Bloemist      2 CHIP  
  Liabilities:Bar:Members:Bloemist   5.00 EUR   
  Income:Bar                        -5.00 EUR   

2022-06-08 txn "Yvan bought 2 items for €1.20"
  timestamp: "2022-06-08 14:21:39.402074"
  type: "purchase"
  Assets:Inventory:Bar             -2 SNACK
  Liabilities:Bar:Members:Yvan      2 SNACK
  Liabilities:Bar:Members:Yvan   1.20 EUR  
  Income:Bar                    -1.20 EUR  

2022-06-08 txn "Yvan bought 2 items for €1.20"
  timestamp: "2022-06-08 14:27:19.118876"
  type: "purchase"
  Assets:Inventory:Bar             -2 SNACK
  Liabilities:Bar:Members:Yvan      2 SNACK
  Liabilities:Bar:Members:Yvan   1.20 EUR  
  Income:Bar                    -1.20 EUR  

2022-06-08 txn "Yvan gave Els a gift of €15.00"
  timestamp: "2022-06-08 14:27:34.744052"
  type: "transfer"
  Liabilities:Bar:Members:Yvan   15.00 EUR
  Liabilities:Bar:Members:Els   -15.00 EUR

2022-06-08 txn "Yvan bought 1 items for €2.00"
  timestamp: "2022-06-08 15:25:13.725845"
  type: "purchase"
  Assets:Inventory:Bar             -1 FRITZ
  Liabilities:Bar:Members:Yvan      1 FRITZ
  Liabilities:Bar:Members:Yvan   2.00 EUR  
  Income:Bar                    -2.00 EUR  

2022-06-08 txn "Els bought 2 items for €2.10"
  timestamp: "2022-06-08 15:25:46.657699"
  type: "purchase"
  Assets:Inventory:Bar            -1 ICETEA  
  Liabilities:Bar:Members:Els      1 ICETEA  
  Assets:Inventory:Bar            -1 SNICKERS
  Liabilities:Bar:Members:Els      1 SNICKERS
  Liabilities:Bar:Members:Els   2.10 EUR     
  Income:Bar                   -2.10 EUR     

2022-06-08 txn "Els deposited €50.00"
  timestamp: "2022-06-08 15:28:07.996587"
  type: "deposit"
  Liabilities:Bar:Members:Els  -50.00 EUR
  Assets:Cash:Bar               50.00 EUR

2022-06-09 txn "qwaxys bought 1 items for €2.00"
  timestamp: "2022-06-09 12:47:31.307030"
  type: "purchase"
  Assets:Inventory:Bar             -1 FRITZ
  Liabilities:Bar:Members:Bart      1 FRITZ
  Liabilities:Bar:Members:Bart   2.00 EUR  
  Income:Bar                    -2.00 EUR  

2022-06-09 txn "Koen bought 1 items for €1.50"
  timestamp: "2022-06-09 12:50:51.714176"
  type: "purchase"
  Assets:Inventory:Bar             -1 JUPILER
  Liabilities:Bar:Members:Koen      1 JUPILER
  Liabilities:Bar:Members:Koen   1.50 EUR    
  Income:Bar                    -1.50 EUR    

2022-06-09 txn "Koen bought 1 items for €1.50"
  timestamp: "2022-06-09 13:16:05.857216"
  type: "purchase"
  Assets:Inventory:Bar             -1 JUPILER
  Liabilities:Bar:Members:Koen      1 JUPILER
  Liabilities:Bar:Members:Koen   1.50 EUR    
  Income:Bar                    -1.50 EUR    

2022-06-09 txn "Miker bought 1 items for €2.00"
  timestamp: "2022-06-09 13:25:15.944236"
  type: "purchase"
  Assets:Inventory:Bar              -1 CMRED
  Liabilities:Bar:Members:Miker      1 CMRED
  Liabilities:Bar:Members:Miker   2.00 EUR  
  Income:Bar                     -2.00 EUR  

2022-06-09 txn "Matth bought 1 items for €2.00"
  timestamp: "2022-06-09 14:18:58.568877"
  type: "purchase"
  Assets:Inventory:Bar              -1 CMRED
  Liabilities:Bar:Members:Matth      1 CMRED
  Liabilities:Bar:Members:Matth   2.00 EUR  
  Income:Bar                     -2.00 EUR  

2022-06-09 txn "--CASH-- deposited €2.00"
  timestamp: "2022-06-09 14:20:13.841902"
  type: "deposit"
  Assets:Cash:Bar  -2.00 EUR
  Assets:Cash:Bar   2.00 EUR

2022-06-09 txn "--CASH-- gave Matth a gift of €2.00"
  timestamp: "2022-06-09 14:20:51.870735"
  type: "transfer"
  Assets:Cash:Bar                 2.00 EUR
  Liabilities:Bar:Members:Matth  -2.00 EUR

2022-06-09 txn "Nachtvlinder bought 2 items for €2.10"
  timestamp: "2022-06-09 15:05:00.656412"
  type: "purchase"
  Assets:Inventory:Bar             -1 ICETEA
  Liabilities:Bar:Members:Maja      1 ICETEA
  Assets:Inventory:Bar             -1 KITKAT
  Liabilities:Bar:Members:Maja      1 KITKAT
  Liabilities:Bar:Members:Maja   2.10 EUR   
  Income:Bar                    -2.10 EUR   

2022-06-09 txn "Koen bought 1 items for €1.50"
  timestamp: "2022-06-09 16:06:41.116409"
  type: "purchase"
  Assets:Inventory:Bar             -1 JUPILER
  Liabilities:Bar:Members:Koen      1 JUPILER
  Liabilities:Bar:Members:Koen   1.50 EUR    
  Income:Bar                    -1.50 EUR    

2022-06-09 txn "Nachtvlinder bought 2 items for €2.60"
  timestamp: "2022-06-09 16:27:56.747798"
  type: "purchase"
  Assets:Inventory:Bar             -1 FRITZ 
  Liabilities:Bar:Members:Maja      1 FRITZ 
  Assets:Inventory:Bar             -1 KITKAT
  Liabilities:Bar:Members:Maja      1 KITKAT
  Liabilities:Bar:Members:Maja   2.60 EUR   
  Income:Bar                    -2.60 EUR   

2022-06-09 txn "Yvan bought 1 items for €2.00"
  timestamp: "2022-06-09 16:33:27.617843"
  type: "purchase"
  Assets:Inventory:Bar             -1 FRITZ
  Liabilities:Bar:Members:Yvan      1 FRITZ
  Liabilities:Bar:Members:Yvan   2.00 EUR  
  Income:Bar                    -2.00 EUR  

2022-06-09 txn "Els bought 1 items for €1.50"
  timestamp: "2022-06-09 16:36:58.739795"
  type: "purchase"
  Assets:Inventory:Bar            -1 FANTA
  Liabilities:Bar:Members:Els      1 FANTA
  Liabilities:Bar:Members:Els   1.50 EUR  
  Income:Bar                   -1.50 EUR  

2022-06-09 txn "Matth bought 1 items for €1.50"
  timestamp: "2022-06-09 16:45:23.595163"
  type: "purchase"
  Assets:Inventory:Bar              -1 ICETEA
  Liabilities:Bar:Members:Matth      1 ICETEA
  Liabilities:Bar:Members:Matth   1.50 EUR   
  Income:Bar                     -1.50 EUR   

2022-06-09 txn "Koen bought 1 items for €1.50"
  timestamp: "2022-06-09 17:00:17.076961"
  type: "purchase"
  Assets:Inventory:Bar             -1 JUPILER
  Liabilities:Bar:Members:Koen      1 JUPILER
  Liabilities:Bar:Members:Koen   1.50 EUR    
  Income:Bar                    -1.50 EUR    

2022-06-09 txn "qwaxys bought 1 items for €2.00"
  timestamp: "2022-06-09 17:01:34.835482"
  type: "purchase"
  Assets:Inventory:Bar             -1 FRITZ
  Liabilities:Bar:Members:Bart      1 FRITZ
  Liabilities:Bar:Members:Bart   2.00 EUR  
  Income:Bar                    -2.00 EUR  

2022-06-09 txn "Nachtvlinder bought 1 items for €2.00"
  timestamp: "2022-06-09 17:08:03.257171"
  type: "purchase"
  Assets:Inventory:Bar             -1 FRITZ
  Liabilities:Bar:Members:Maja      1 FRITZ
  Liabilities:Bar:Members:Maja   2.00 EUR  
  Income:Bar                    -2.00 EUR  

2022-06-09 txn "Els bought 1 items for €2.00"
  timestamp: "2022-06-09 17:15:36.889216"
  type: "purchase"
  Assets:Inventory:Bar            -1 FRITZ
  Liabilities:Bar:Members:Els      1 FRITZ
  Liabilities:Bar:Members:Els   2.00 EUR  
  Income:Bar                   -2.00 EUR  

2022-06-09 txn "Koen gave Matth a gift of €10.00"
  timestamp: "2022-06-09 17:16:33.958488"
  type: "transfer"
  Liabilities:Bar:Members:Koen    10.00 EUR
  Liabilities:Bar:Members:Matth  -10.00 EUR

2022-06-09 txn "qwaxys gave Matth a gift of €17.00"
  timestamp: "2022-06-09 17:17:15.808184"
  type: "transfer"
  Liabilities:Bar:Members:Bart    17.00 EUR
  Liabilities:Bar:Members:Matth  -17.00 EUR

2022-06-09 txn "Evils bought 1 items for €2.00"
  timestamp: "2022-06-09 17:19:14.546481"
  type: "purchase"
  Assets:Inventory:Bar              -1 FRITZ
  Liabilities:Bar:Members:Elvis      1 FRITZ
  Liabilities:Bar:Members:Elvis   2.00 EUR  
  Income:Bar                     -2.00 EUR  

2022-06-09 txn "Matth bought 1 items for €1.50"
  timestamp: "2022-06-09 17:19:33.004406"
  type: "purchase"
  Assets:Inventory:Bar              -1 ICETEA
  Liabilities:Bar:Members:Matth      1 ICETEA
  Liabilities:Bar:Members:Matth   1.50 EUR   
  Income:Bar                     -1.50 EUR   

2022-06-09 txn "--CASH-- bought 1 items for €2.00"
  timestamp: "2022-06-09 17:22:01.465489"
  type: "purchase"
  Assets:Inventory:Bar     -1 FRITZ_ZERO
  Assets:Cash:Bar           1 FRITZ_ZERO
  Assets:Cash:Bar        2.00 EUR       
  Income:Bar            -2.00 EUR       

2022-06-09 txn "qwaxys deposited €10.00"
  timestamp: "2022-06-09 17:22:26.241868"
  type: "deposit"
  Liabilities:Bar:Members:Bart  -10.00 EUR
  Assets:Cash:Bar                10.00 EUR

2022-06-09 txn "Koen deposited €40.00"
  timestamp: "2022-06-09 17:22:28.531764"
  type: "deposit"
  Liabilities:Bar:Members:Koen  -40.00 EUR
  Assets:Cash:Bar                40.00 EUR

2022-06-09 txn "Koen deposited €-20.00"
  timestamp: "2022-06-09 17:24:10.399997"
  type: "deposit"
  Liabilities:Bar:Members:Koen   20.00 EUR
  Assets:Cash:Bar               -20.00 EUR

2022-06-09 txn "Evils bought 1 items for €2.00"
  timestamp: "2022-06-09 17:28:49.042665"
  type: "purchase"
  Assets:Inventory:Bar              -1 FRITZ
  Liabilities:Bar:Members:Elvis      1 FRITZ
  Liabilities:Bar:Members:Elvis   2.00 EUR  
  Income:Bar                     -2.00 EUR  

2022-06-09 txn "--CASH-- bought 1 items for €2.00"
  timestamp: "2022-06-09 17:31:40.649550"
  type: "purchase"
  Assets:Inventory:Bar     -1 FRITZ
  Assets:Cash:Bar           1 FRITZ
  Assets:Cash:Bar        2.00 EUR  
  Income:Bar            -2.00 EUR  

2022-06-09 txn "Sander bought 1 items for €1.50"
  timestamp: "2022-06-09 17:35:36.466293"
  type: "purchase"
  Assets:Inventory:Bar               -1 SCHWEPPES
  Liabilities:Bar:Members:Sander      1 SCHWEPPES
  Liabilities:Bar:Members:Sander   1.50 EUR      
  Income:Bar                      -1.50 EUR      

2022-06-09 txn "Matth gave Yvan a gift of €5.00"
  timestamp: "2022-06-09 17:50:31.036839"
  type: "transfer"
  Liabilities:Bar:Members:Matth   5.00 EUR
  Liabilities:Bar:Members:Yvan   -5.00 EUR

2022-06-09 txn "Carro​armato0 bought 2 items for €1.20"
  timestamp: "2022-06-09 17:53:27.019011"
  type: "purchase"
  Assets:Inventory:Bar                     -1 KITKAT  
  Liabilities:Bar:Members:Carroarmato0      1 KITKAT  
  Assets:Inventory:Bar                     -1 SNICKERS
  Liabilities:Bar:Members:Carroarmato0      1 SNICKERS
  Liabilities:Bar:Members:Carroarmato0   1.20 EUR     
  Income:Bar                            -1.20 EUR     

2022-06-09 txn "Carro​armato0 bought 1 items for €1.50"
  timestamp: "2022-06-09 17:55:23.313502"
  type: "purchase"
  Assets:Inventory:Bar                     -1 COKE
  Liabilities:Bar:Members:Carroarmato0      1 COKE
  Liabilities:Bar:Members:Carroarmato0   1.50 EUR 
  Income:Bar                            -1.50 EUR 

2022-06-09 txn "Els bought 1 items for €1.50"
  timestamp: "2022-06-09 18:07:47.158262"
  type: "purchase"
  Assets:Inventory:Bar            -1 ICETEA
  Liabilities:Bar:Members:Els      1 ICETEA
  Liabilities:Bar:Members:Els   1.50 EUR   
  Income:Bar                   -1.50 EUR   

2022-06-09 txn "--CASH-- bought 1 items for €2.00"
  timestamp: "2022-06-09 18:08:58.967704"
  type: "purchase"
  Assets:Inventory:Bar     -1 FRITZ_ZERO
  Assets:Cash:Bar           1 FRITZ_ZERO
  Assets:Cash:Bar        2.00 EUR       
  Income:Bar            -2.00 EUR       

2022-06-09 txn "Fearless bought 1 items for €2.00"
  timestamp: "2022-06-09 18:29:34.176977"
  type: "purchase"
  Assets:Inventory:Bar                 -1 FRITZ
  Liabilities:Bar:Members:Fearless      1 FRITZ
  Liabilities:Bar:Members:Fearless   2.00 EUR  
  Income:Bar                        -2.00 EUR  

2022-06-09 txn "DJefke bought 1 items for €2.00"
  timestamp: "2022-06-09 18:34:24.214299"
  type: "purchase"
  Assets:Inventory:Bar               -1 FRITZ
  Liabilities:Bar:Members:DJefke      1 FRITZ
  Liabilities:Bar:Members:DJefke   2.00 EUR  
  Income:Bar                      -2.00 EUR  

2022-06-09 txn "Carro​armato0 bought 2 items for €2.10"
  timestamp: "2022-06-09 18:42:10.172630"
  type: "purchase"
  Assets:Inventory:Bar                     -1 FANTA 
  Liabilities:Bar:Members:Carroarmato0      1 FANTA 
  Assets:Inventory:Bar                     -1 KITKAT
  Liabilities:Bar:Members:Carroarmato0      1 KITKAT
  Liabilities:Bar:Members:Carroarmato0   2.10 EUR   
  Income:Bar                            -2.10 EUR   

2022-06-09 txn "Bloemist bought 1 items for €1.50"
  timestamp: "2022-06-09 18:44:29.986002"
  type: "purchase"
  Assets:Inventory:Bar                 -1 JUPILER
  Liabilities:Bar:Members:Bloemist      1 JUPILER
  Liabilities:Bar:Members:Bloemist   1.50 EUR    
  Income:Bar                        -1.50 EUR    

2022-06-09 txn "Yvan bought 1 items for €2.00"
  timestamp: "2022-06-09 18:49:18.478953"
  type: "purchase"
  Assets:Inventory:Bar             -1 FRITZ
  Liabilities:Bar:Members:Yvan      1 FRITZ
  Liabilities:Bar:Members:Yvan   2.00 EUR  
  Income:Bar                    -2.00 EUR  

2022-06-09 txn "Fullscreen bought 1 items for €1.50"
  timestamp: "2022-06-09 18:52:30.228249"
  type: "purchase"
  Assets:Inventory:Bar                   -1 COKE_ZERO
  Liabilities:Bar:Members:Fullscreen      1 COKE_ZERO
  Liabilities:Bar:Members:Fullscreen   1.50 EUR      
  Income:Bar                          -1.50 EUR      

2022-06-09 txn "Matth bought 1 items for €1.50"
  timestamp: "2022-06-09 19:09:16.205350"
  type: "purchase"
  Assets:Inventory:Bar              -1 FANTA
  Liabilities:Bar:Members:Matth      1 FANTA
  Liabilities:Bar:Members:Matth   1.50 EUR  
  Income:Bar                     -1.50 EUR  

2022-06-09 txn "--CASH-- bought 1 items for €2.00"
  timestamp: "2022-06-09 19:15:42.212488"
  type: "purchase"
  Assets:Inventory:Bar     -1 FRITZ
  Assets:Cash:Bar           1 FRITZ
  Assets:Cash:Bar        2.00 EUR  
  Income:Bar            -2.00 EUR  

2022-06-09 txn "Miker bought 1 items for €2.00"
  timestamp: "2022-06-09 19:31:16.769670"
  type: "purchase"
  Assets:Inventory:Bar              -1 FRITZ
  Liabilities:Bar:Members:Miker      1 FRITZ
  Liabilities:Bar:Members:Miker   2.00 EUR  
  Income:Bar                     -2.00 EUR  

2022-06-09 txn "Bloemist bought 1 items for €1.50"
  timestamp: "2022-06-09 19:33:26.699140"
  type: "purchase"
  Assets:Inventory:Bar                 -1 JUPILER
  Liabilities:Bar:Members:Bloemist      1 JUPILER
  Liabilities:Bar:Members:Bloemist   1.50 EUR    
  Income:Bar                        -1.50 EUR    

2022-06-09 txn "DJefke bought 1 items for €2.00"
  timestamp: "2022-06-09 19:33:51.389422"
  type: "purchase"
  Assets:Inventory:Bar               -1 FRITZ
  Liabilities:Bar:Members:DJefke      1 FRITZ
  Liabilities:Bar:Members:DJefke   2.00 EUR  
  Income:Bar                      -2.00 EUR  

2022-06-09 txn "Stefaan bought 1 items for €0.60"
  timestamp: "2022-06-09 19:37:12.555554"
  type: "purchase"
  Assets:Inventory:Bar                -1 KITKAT
  Liabilities:Bar:Members:Stefaan      1 KITKAT
  Liabilities:Bar:Members:Stefaan   0.60 EUR   
  Income:Bar                       -0.60 EUR   

2022-06-09 txn "Evils gave Bloemist a gift of €12.00"
  timestamp: "2022-06-09 19:49:06.877191"
  type: "transfer"
  Liabilities:Bar:Members:Elvis      12.00 EUR
  Liabilities:Bar:Members:Bloemist  -12.00 EUR

2022-06-09 txn "Stefaan bought 1 items for €0.60"
  timestamp: "2022-06-09 20:03:32.346427"
  type: "purchase"
  Assets:Inventory:Bar                -1 KITKAT
  Liabilities:Bar:Members:Stefaan      1 KITKAT
  Liabilities:Bar:Members:Stefaan   0.60 EUR   
  Income:Bar                       -0.60 EUR   

2022-06-09 txn "Stefaan bought 2 items for €2.10"
  timestamp: "2022-06-09 20:10:17.711466"
  type: "purchase"
  Assets:Inventory:Bar                -1 AGRUMES
  Liabilities:Bar:Members:Stefaan      1 AGRUMES
  Assets:Inventory:Bar                -1 KITKAT 
  Liabilities:Bar:Members:Stefaan      1 KITKAT 
  Liabilities:Bar:Members:Stefaan   2.10 EUR    
  Income:Bar                       -2.10 EUR    

2022-06-09 txn "Stefaan deposited €1.50"
  timestamp: "2022-06-09 20:12:41.023343"
  type: "deposit"
  Liabilities:Bar:Members:Stefaan  -1.50 EUR
  Assets:Cash:Bar                   1.50 EUR

2022-06-09 txn "Stefaan deposited €10.00"
  timestamp: "2022-06-09 20:17:37.844041"
  type: "deposit"
  Liabilities:Bar:Members:Stefaan  -10.00 EUR
  Assets:Cash:Bar                   10.00 EUR

2022-06-09 txn "Stefaan bought 1 items for €2.00"
  timestamp: "2022-06-09 20:18:20.198825"
  type: "purchase"
  Assets:Inventory:Bar                -1 FRITZ
  Liabilities:Bar:Members:Stefaan      1 FRITZ
  Liabilities:Bar:Members:Stefaan   2.00 EUR  
  Income:Bar                       -2.00 EUR  

2022-06-09 txn "Bloemist bought 1 items for €1.50"
  timestamp: "2022-06-09 20:26:36.404251"
  type: "purchase"
  Assets:Inventory:Bar                 -1 JUPILER
  Liabilities:Bar:Members:Bloemist      1 JUPILER
  Liabilities:Bar:Members:Bloemist   1.50 EUR    
  Income:Bar                        -1.50 EUR    

2022-06-09 txn "--CASH-- bought 1 items for €1.50"
  timestamp: "2022-06-09 20:29:43.524872"
  type: "purchase"
  Assets:Inventory:Bar     -1 JUPILER
  Assets:Cash:Bar           1 JUPILER
  Assets:Cash:Bar        1.50 EUR    
  Income:Bar            -1.50 EUR    

2022-06-09 txn "Miker bought 1 items for €1.50"
  timestamp: "2022-06-09 20:37:19.276177"
  type: "purchase"
  Assets:Inventory:Bar              -1 JUPILER
  Liabilities:Bar:Members:Miker      1 JUPILER
  Liabilities:Bar:Members:Miker   1.50 EUR    
  Income:Bar                     -1.50 EUR    

2022-06-09 txn "Nachtvlinder bought 1 items for €1.50"
  timestamp: "2022-06-09 21:22:02.130384"
  type: "purchase"
  Assets:Inventory:Bar             -1 ICETEA
  Liabilities:Bar:Members:Maja      1 ICETEA
  Liabilities:Bar:Members:Maja   1.50 EUR   
  Income:Bar                    -1.50 EUR   

2022-06-09 txn "Miker bought 1 items for €2.00"
  timestamp: "2022-06-09 21:41:09.387486"
  type: "purchase"
  Assets:Inventory:Bar              -1 FRITZ
  Liabilities:Bar:Members:Miker      1 FRITZ
  Liabilities:Bar:Members:Miker   2.00 EUR  
  Income:Bar                     -2.00 EUR  

2022-06-09 txn "Koen bought 1 items for €1.50"
  timestamp: "2022-06-09 21:47:27.129145"
  type: "purchase"
  Assets:Inventory:Bar             -1 JUPILER
  Liabilities:Bar:Members:Koen      1 JUPILER
  Liabilities:Bar:Members:Koen   1.50 EUR    
  Income:Bar                    -1.50 EUR    

2022-06-09 txn "DJefke deposited €20.00"
  timestamp: "2022-06-09 21:49:42.892429"
  type: "deposit"
  Liabilities:Bar:Members:DJefke  -20.00 EUR
  Assets:Cash:Bar                  20.00 EUR

2022-06-09 txn "DJefke bought 1 items for €2.00"
  timestamp: "2022-06-09 21:51:38.322496"
  type: "purchase"
  Assets:Inventory:Bar               -1 FRITZ
  Liabilities:Bar:Members:DJefke      1 FRITZ
  Liabilities:Bar:Members:DJefke   2.00 EUR  
  Income:Bar                      -2.00 EUR  

2022-06-09 txn "Stefaan bought 1 items for €0.60"
  timestamp: "2022-06-09 21:56:13.315431"
  type: "purchase"
  Assets:Inventory:Bar                -1 SNICKERS
  Liabilities:Bar:Members:Stefaan      1 SNICKERS
  Liabilities:Bar:Members:Stefaan   0.60 EUR     
  Income:Bar                       -0.60 EUR     

2022-06-09 txn "Evils bought 1 items for €0.70"
  timestamp: "2022-06-09 22:09:43.762763"
  type: "purchase"
  Assets:Inventory:Bar              -1 CHOCO_MILK
  Liabilities:Bar:Members:Elvis      1 CHOCO_MILK
  Liabilities:Bar:Members:Elvis   0.70 EUR       
  Income:Bar                     -0.70 EUR       

2022-06-09 txn "Carro​armato0 bought 2 items for €1.20"
  timestamp: "2022-06-09 23:01:57.002301"
  type: "purchase"
  Assets:Inventory:Bar                     -1 TWIX 
  Liabilities:Bar:Members:Carroarmato0      1 TWIX 
  Assets:Inventory:Bar                     -1 SNACK
  Liabilities:Bar:Members:Carroarmato0      1 SNACK
  Liabilities:Bar:Members:Carroarmato0   1.20 EUR  
  Income:Bar                            -1.20 EUR  

2022-06-09 txn "Evils bought 1 items for €2.00"
  timestamp: "2022-06-09 23:16:17.854721"
  type: "purchase"
  Assets:Inventory:Bar              -1 FRITZ
  Liabilities:Bar:Members:Elvis      1 FRITZ
  Liabilities:Bar:Members:Elvis   2.00 EUR  
  Income:Bar                     -2.00 EUR  

2022-06-09 txn "Evils deposited €50.00"
  timestamp: "2022-06-09 23:16:44.417040"
  type: "deposit"
  Liabilities:Bar:Members:Elvis  -50.00 EUR
  Assets:Cash:Bar                 50.00 EUR

2022-06-10 txn "Koen bought 1 items for €1.50"
  timestamp: "2022-06-10 11:57:55.011716"
  type: "purchase"
  Assets:Inventory:Bar             -1 ICETEA
  Liabilities:Bar:Members:Koen      1 ICETEA
  Liabilities:Bar:Members:Koen   1.50 EUR   
  Income:Bar                    -1.50 EUR   

2022-06-10 txn "Bloemist bought 2 items for €2.10"
  timestamp: "2022-06-10 15:21:22.581066"
  type: "purchase"
  Assets:Inventory:Bar                 -1 ICETEA
  Liabilities:Bar:Members:Bloemist      1 ICETEA
  Assets:Inventory:Bar                 -1 TWIX  
  Liabilities:Bar:Members:Bloemist      1 TWIX  
  Liabilities:Bar:Members:Bloemist   2.10 EUR   
  Income:Bar                        -2.10 EUR   

2022-06-10 txn "Evils bought 1 items for €2.00"
  timestamp: "2022-06-10 16:24:38.378635"
  type: "purchase"
  Assets:Inventory:Bar              -1 FRITZ
  Liabilities:Bar:Members:Elvis      1 FRITZ
  Liabilities:Bar:Members:Elvis   2.00 EUR  
  Income:Bar                     -2.00 EUR  

2022-06-10 txn "Bloemist bought 1 items for €1.50"
  timestamp: "2022-06-10 16:54:03.067748"
  type: "purchase"
  Assets:Inventory:Bar                 -1 JUPILER
  Liabilities:Bar:Members:Bloemist      1 JUPILER
  Liabilities:Bar:Members:Bloemist   1.50 EUR    
  Income:Bar                        -1.50 EUR    

