2022-07-28 txn "Bloemist bought 1 items for €1.00"
  timestamp: "2022-07-28 15:36:48.277016"
  type: "purchase"
  Assets:Inventory:Bar                 -1 ICE_CREAM
  Liabilities:Bar:Members:Bloemist      1 ICE_CREAM
  Liabilities:Bar:Members:Bloemist   1.00 EUR      
  Income:Bar                        -1.00 EUR      

2022-07-28 txn "DJefke bought 1 items for €2.00"
  timestamp: "2022-07-28 15:37:01.356084"
  type: "purchase"
  Assets:Inventory:Bar               -1 CM 
  Liabilities:Bar:Members:DJefke      1 CM 
  Liabilities:Bar:Members:DJefke   2.00 EUR
  Income:Bar                      -2.00 EUR

2022-07-28 txn "Evils bought 1 items for €1.00"
  timestamp: "2022-07-28 15:37:44.541239"
  type: "purchase"
  Assets:Inventory:Bar              -1 ICE_CREAM
  Liabilities:Bar:Members:Elvis      1 ICE_CREAM
  Liabilities:Bar:Members:Elvis   1.00 EUR      
  Income:Bar                     -1.00 EUR      

2022-07-28 txn "Bloemist bought 1 items for €1.00"
  timestamp: "2022-07-28 17:15:08.874343"
  type: "purchase"
  Assets:Inventory:Bar                 -1 ICE_CREAM
  Liabilities:Bar:Members:Bloemist      1 ICE_CREAM
  Liabilities:Bar:Members:Bloemist   1.00 EUR      
  Income:Bar                        -1.00 EUR      

2022-07-28 txn "--CASH-- bought 1 items for €1.00"
  timestamp: "2022-07-28 17:19:32.210207"
  type: "purchase"
  Assets:Inventory:Bar     -1 ICE_CREAM
  Assets:Cash:Bar           1 ICE_CREAM
  Assets:Cash:Bar        1.00 EUR      
  Income:Bar            -1.00 EUR      

2022-07-28 txn "--CASH-- bought 1 items for €1.00"
  timestamp: "2022-07-28 17:30:07.628183"
  type: "purchase"
  Assets:Inventory:Bar     -1 ICE_CREAM
  Assets:Cash:Bar           1 ICE_CREAM
  Assets:Cash:Bar        1.00 EUR      
  Income:Bar            -1.00 EUR      

2022-07-28 txn "DJefke bought 1 items for €1.50"
  timestamp: "2022-07-28 17:35:33.533116"
  type: "purchase"
  Assets:Inventory:Bar               -1 FANTA
  Liabilities:Bar:Members:DJefke      1 FANTA
  Liabilities:Bar:Members:DJefke   1.50 EUR  
  Income:Bar                      -1.50 EUR  

2022-07-28 txn "Yvan bought 1 items for €0.60"
  timestamp: "2022-07-28 17:40:04.060698"
  type: "purchase"
  Assets:Inventory:Bar             -1 SNACK
  Liabilities:Bar:Members:Yvan      1 SNACK
  Liabilities:Bar:Members:Yvan   0.60 EUR  
  Income:Bar                    -0.60 EUR  

2022-07-28 txn "Yvan bought 1 items for €1.50"
  timestamp: "2022-07-28 17:58:26.086573"
  type: "purchase"
  Assets:Inventory:Bar             -1 ICETEA
  Liabilities:Bar:Members:Yvan      1 ICETEA
  Liabilities:Bar:Members:Yvan   1.50 EUR   
  Income:Bar                    -1.50 EUR   

2022-07-28 txn "--CASH-- bought 1 items for €1.50"
  timestamp: "2022-07-28 18:05:56.086649"
  type: "purchase"
  Assets:Inventory:Bar     -1 ICETEA
  Assets:Cash:Bar           1 ICETEA
  Assets:Cash:Bar        1.50 EUR   
  Income:Bar            -1.50 EUR   

2022-07-28 txn "Miker bought 1 items for €2.00"
  timestamp: "2022-07-28 19:08:44.787799"
  type: "purchase"
  Assets:Inventory:Bar              -1 CM 
  Liabilities:Bar:Members:Miker      1 CM 
  Liabilities:Bar:Members:Miker   2.00 EUR
  Income:Bar                     -2.00 EUR

2022-07-28 txn "--CASH-- bought 1 items for €1.50"
  timestamp: "2022-07-28 19:12:10.337506"
  type: "purchase"
  Assets:Inventory:Bar     -1 ICETEA
  Assets:Cash:Bar           1 ICETEA
  Assets:Cash:Bar        1.50 EUR   
  Income:Bar            -1.50 EUR   

2022-07-28 txn "Sander bought 1 items for €1.50"
  timestamp: "2022-07-28 19:40:31.125971"
  type: "purchase"
  Assets:Inventory:Bar               -1 COKE
  Liabilities:Bar:Members:Sander      1 COKE
  Liabilities:Bar:Members:Sander   1.50 EUR 
  Income:Bar                      -1.50 EUR 

2022-07-28 txn "DJefke deposited €20.00"
  timestamp: "2022-07-28 19:53:23.932433"
  type: "deposit"
  Liabilities:Bar:Members:DJefke  -20.00 EUR
  Assets:Cash:Bar                  20.00 EUR

2022-07-28 txn "Carro​armato0 bought 2 items for €3.50"
  timestamp: "2022-07-28 19:59:20.144636"
  type: "purchase"
  Assets:Inventory:Bar                     -1 CM    
  Liabilities:Bar:Members:Carroarmato0      1 CM    
  Assets:Inventory:Bar                     -1 ICETEA
  Liabilities:Bar:Members:Carroarmato0      1 ICETEA
  Liabilities:Bar:Members:Carroarmato0   3.50 EUR   
  Income:Bar                            -3.50 EUR   

2022-07-28 txn "Carro​armato0 bought 1 items for €1.50"
  timestamp: "2022-07-28 20:02:10.483213"
  type: "purchase"
  Assets:Inventory:Bar                     -1 ICETEA
  Liabilities:Bar:Members:Carroarmato0      1 ICETEA
  Liabilities:Bar:Members:Carroarmato0   1.50 EUR   
  Income:Bar                            -1.50 EUR   

2022-07-28 txn "--CASH-- bought 1 items for €2.00"
  timestamp: "2022-07-28 20:14:36.276561"
  type: "purchase"
  Assets:Inventory:Bar     -1 CMRED
  Assets:Cash:Bar           1 CMRED
  Assets:Cash:Bar        2.00 EUR  
  Income:Bar            -2.00 EUR  

2022-07-28 txn "Evils gave Sander a gift of €8.30"
  timestamp: "2022-07-28 20:26:43.619879"
  type: "transfer"
  Liabilities:Bar:Members:Elvis    8.30 EUR
  Liabilities:Bar:Members:Sander  -8.30 EUR

2022-07-28 txn "Evils bought 1 items for €0.60"
  timestamp: "2022-07-28 20:27:10.500235"
  type: "purchase"
  Assets:Inventory:Bar              -1 EXPIRED_DRINK
  Liabilities:Bar:Members:Elvis      1 EXPIRED_DRINK
  Liabilities:Bar:Members:Elvis   0.60 EUR          
  Income:Bar                     -0.60 EUR          

2022-07-28 txn "--CASH-- bought 4 items for €8.00"
  timestamp: "2022-07-28 20:31:06.142521"
  type: "purchase"
  Assets:Inventory:Bar     -1 CMRED
  Assets:Cash:Bar           1 CMRED
  Assets:Inventory:Bar     -3 CM   
  Assets:Cash:Bar           3 CM   
  Assets:Cash:Bar        8.00 EUR  
  Income:Bar            -8.00 EUR  

2022-07-28 txn "DJefke bought 2 items for €4.00"
  timestamp: "2022-07-28 20:33:07.528192"
  type: "purchase"
  Assets:Inventory:Bar               -1 PASSPORT
  Liabilities:Bar:Members:DJefke      1 PASSPORT
  Assets:Inventory:Bar               -1 FANTA   
  Liabilities:Bar:Members:DJefke      1 FANTA   
  Liabilities:Bar:Members:DJefke   4.00 EUR     
  Liabilities:Bar:Members:Bart    -1.20 EUR     
  Income:Bar                      -2.80 EUR     

2022-07-28 txn "DJefke deposited €4.00"
  timestamp: "2022-07-28 20:34:33.835392"
  type: "deposit"
  Liabilities:Bar:Members:DJefke  -4.00 EUR
  Assets:Cash:Bar                  4.00 EUR

2022-07-28 txn "DJefke bought 1 items for €1.50"
  timestamp: "2022-07-28 20:34:48.124128"
  type: "purchase"
  Assets:Inventory:Bar               -1 FANTA
  Liabilities:Bar:Members:DJefke      1 FANTA
  Liabilities:Bar:Members:DJefke   1.50 EUR  
  Income:Bar                      -1.50 EUR  

2022-07-28 txn "Sander bought 1 items for €1.50"
  timestamp: "2022-07-28 20:44:19.627291"
  type: "purchase"
  Assets:Inventory:Bar               -1 COKE
  Liabilities:Bar:Members:Sander      1 COKE
  Liabilities:Bar:Members:Sander   1.50 EUR 
  Income:Bar                      -1.50 EUR 

2022-07-28 txn "Carro​armato0 bought 1 items for €0.60"
  timestamp: "2022-07-28 21:08:46.881248"
  type: "purchase"
  Assets:Inventory:Bar                     -1 KITKAT
  Liabilities:Bar:Members:Carroarmato0      1 KITKAT
  Liabilities:Bar:Members:Carroarmato0   0.60 EUR   
  Income:Bar                            -0.60 EUR   

2022-07-28 txn "Miker bought 1 items for €0.60"
  timestamp: "2022-07-28 21:32:19.180614"
  type: "purchase"
  Assets:Inventory:Bar              -1 KITKAT
  Liabilities:Bar:Members:Miker      1 KITKAT
  Liabilities:Bar:Members:Miker   0.60 EUR   
  Income:Bar                     -0.60 EUR   

2022-07-28 txn "Miker bought 1 items for €0.60"
  timestamp: "2022-07-28 21:37:12.154629"
  type: "purchase"
  Assets:Inventory:Bar              -1 LEO
  Liabilities:Bar:Members:Miker      1 LEO
  Liabilities:Bar:Members:Miker   0.60 EUR
  Income:Bar                     -0.60 EUR

2022-07-28 txn "3D-printer deposited €10.00"
  timestamp: "2022-07-28 22:01:15.153458"
  type: "deposit"
  Liabilities:Bar:Members:3D-printer  -10.00 EUR
  Assets:Cash:Bar                      10.00 EUR

2022-07-30 txn "Carro​armato0 bought 2 items for €2.10"
  timestamp: "2022-07-30 17:59:10.571049"
  type: "purchase"
  Assets:Inventory:Bar                     -1 FANTA 
  Liabilities:Bar:Members:Carroarmato0      1 FANTA 
  Assets:Inventory:Bar                     -1 KITKAT
  Liabilities:Bar:Members:Carroarmato0      1 KITKAT
  Liabilities:Bar:Members:Carroarmato0   2.10 EUR   
  Income:Bar                            -2.10 EUR   

2022-07-30 txn "Carro​armato0 bought 3 items for €2.70"
  timestamp: "2022-07-30 19:49:35.547596"
  type: "purchase"
  Assets:Inventory:Bar                     -1 FANTA 
  Liabilities:Bar:Members:Carroarmato0      1 FANTA 
  Assets:Inventory:Bar                     -1 BOUNTY
  Liabilities:Bar:Members:Carroarmato0      1 BOUNTY
  Assets:Inventory:Bar                     -1 LEO   
  Liabilities:Bar:Members:Carroarmato0      1 LEO   
  Liabilities:Bar:Members:Carroarmato0   2.70 EUR   
  Income:Bar                            -2.70 EUR   

2022-07-30 txn "Carro​armato0 bought 3 items for €2.70"
  timestamp: "2022-07-30 21:39:43.568166"
  type: "purchase"
  Assets:Inventory:Bar                     -1 SCHWEPPES
  Liabilities:Bar:Members:Carroarmato0      1 SCHWEPPES
  Assets:Inventory:Bar                     -1 LEO      
  Liabilities:Bar:Members:Carroarmato0      1 LEO      
  Assets:Inventory:Bar                     -1 KITKAT   
  Liabilities:Bar:Members:Carroarmato0      1 KITKAT   
  Liabilities:Bar:Members:Carroarmato0   2.70 EUR      
  Income:Bar                            -2.70 EUR      

2022-08-01 txn "Yvan bought 1 items for €0.60"
  timestamp: "2022-08-01 14:08:01.770470"
  type: "purchase"
  Assets:Inventory:Bar             -1 SNACK
  Liabilities:Bar:Members:Yvan      1 SNACK
  Liabilities:Bar:Members:Yvan   0.60 EUR  
  Income:Bar                    -0.60 EUR  

2022-08-02 txn "Yvan bought 1 items for €1.50"
  timestamp: "2022-08-02 20:04:29.333879"
  type: "purchase"
  Assets:Inventory:Bar             -1 ICETEA
  Liabilities:Bar:Members:Yvan      1 ICETEA
  Liabilities:Bar:Members:Yvan   1.50 EUR   
  Income:Bar                    -1.50 EUR   

2022-08-03 txn "Els bought 1 items for €1.50"
  timestamp: "2022-08-03 13:52:51.428421"
  type: "purchase"
  Assets:Inventory:Bar            -1 ICETEA
  Liabilities:Bar:Members:Els      1 ICETEA
  Liabilities:Bar:Members:Els   1.50 EUR   
  Income:Bar                   -1.50 EUR   

2022-08-03 txn "Yvan bought 1 items for €0.60"
  timestamp: "2022-08-03 13:59:22.731462"
  type: "purchase"
  Assets:Inventory:Bar             -1 SNACK
  Liabilities:Bar:Members:Yvan      1 SNACK
  Liabilities:Bar:Members:Yvan   0.60 EUR  
  Income:Bar                    -0.60 EUR  

2022-08-03 txn "Els bought 2 items for €3.00"
  timestamp: "2022-08-03 14:47:53.907146"
  type: "purchase"
  Assets:Inventory:Bar            -1 ICETEA
  Liabilities:Bar:Members:Els      1 ICETEA
  Assets:Inventory:Bar            -1 FANTA 
  Liabilities:Bar:Members:Els      1 FANTA 
  Liabilities:Bar:Members:Els   3.00 EUR   
  Income:Bar                   -3.00 EUR   

2022-08-04 txn "Evils bought 1 items for €0.60"
  timestamp: "2022-08-04 16:45:51.181045"
  type: "purchase"
  Assets:Inventory:Bar              -1 EXPIRED_DRINK
  Liabilities:Bar:Members:Elvis      1 EXPIRED_DRINK
  Liabilities:Bar:Members:Elvis   0.60 EUR          
  Income:Bar                     -0.60 EUR          

2022-08-04 txn "Thomas gave Evils a gift of €6.00"
  timestamp: "2022-08-04 16:47:26.743220"
  type: "transfer"
  Liabilities:Bar:Members:Thomas   6.00 EUR
  Liabilities:Bar:Members:Elvis   -6.00 EUR

2022-08-04 txn "Bloemist bought 1 items for €1.50"
  timestamp: "2022-08-04 18:01:46.179826"
  type: "purchase"
  Assets:Inventory:Bar                 -1 ICETEA
  Liabilities:Bar:Members:Bloemist      1 ICETEA
  Liabilities:Bar:Members:Bloemist   1.50 EUR   
  Income:Bar                        -1.50 EUR   

2022-08-04 txn "Thomas bought 1 items for €1.50"
  timestamp: "2022-08-04 18:10:02.383779"
  type: "purchase"
  Assets:Inventory:Bar               -1 HG 
  Liabilities:Bar:Members:Thomas      1 HG 
  Liabilities:Bar:Members:Thomas   1.50 EUR
  Income:Bar                      -1.50 EUR

2022-08-04 txn "--CASH-- bought 2 items for €3.50"
  timestamp: "2022-08-04 18:21:03.844249"
  type: "purchase"
  Assets:Inventory:Bar     -1 ICETEA
  Assets:Cash:Bar           1 ICETEA
  Assets:Inventory:Bar     -1 CMRED 
  Assets:Cash:Bar           1 CMRED 
  Assets:Cash:Bar        3.50 EUR   
  Income:Bar            -3.50 EUR   

2022-08-04 txn "Koen gave Thomas a gift of €4.00"
  timestamp: "2022-08-04 18:32:56.516708"
  type: "transfer"
  Liabilities:Bar:Members:Koen     4.00 EUR
  Liabilities:Bar:Members:Thomas  -4.00 EUR

2022-08-04 txn "Thomas bought 1 items for €1.50"
  timestamp: "2022-08-04 18:59:48.259421"
  type: "purchase"
  Assets:Inventory:Bar               -1 HG 
  Liabilities:Bar:Members:Thomas      1 HG 
  Liabilities:Bar:Members:Thomas   1.50 EUR
  Income:Bar                      -1.50 EUR

2022-08-04 txn "Thomas bought 1 items for €1.50"
  timestamp: "2022-08-04 19:51:16.495446"
  type: "purchase"
  Assets:Inventory:Bar               -1 HG 
  Liabilities:Bar:Members:Thomas      1 HG 
  Liabilities:Bar:Members:Thomas   1.50 EUR
  Income:Bar                      -1.50 EUR

2022-08-04 txn "Thomas bought 1 items for €0.60"
  timestamp: "2022-08-04 19:51:56.753684"
  type: "purchase"
  Assets:Inventory:Bar               -1 TWIX
  Liabilities:Bar:Members:Thomas      1 TWIX
  Liabilities:Bar:Members:Thomas   0.60 EUR 
  Income:Bar                      -0.60 EUR 

2022-08-04 txn "--CASH-- bought 1 items for €1.00"
  timestamp: "2022-08-04 20:38:50.517041"
  type: "purchase"
  Assets:Inventory:Bar     -1 ICE_CREAM
  Assets:Cash:Bar           1 ICE_CREAM
  Assets:Cash:Bar        1.00 EUR      
  Income:Bar            -1.00 EUR      

2022-08-04 txn "Thomas bought 1 items for €1.50"
  timestamp: "2022-08-04 20:54:36.419541"
  type: "purchase"
  Assets:Inventory:Bar               -1 HG 
  Liabilities:Bar:Members:Thomas      1 HG 
  Liabilities:Bar:Members:Thomas   1.50 EUR
  Income:Bar                      -1.50 EUR

2022-08-04 txn "Thomas bought 1 items for €1.00"
  timestamp: "2022-08-04 21:12:37.782079"
  type: "purchase"
  Assets:Inventory:Bar               -1 CHIP
  Liabilities:Bar:Members:Thomas      1 CHIP
  Liabilities:Bar:Members:Thomas   1.00 EUR 
  Income:Bar                      -1.00 EUR 

2022-08-04 txn "Koen bought 1 items for €1.50"
  timestamp: "2022-08-04 21:18:46.296676"
  type: "purchase"
  Assets:Inventory:Bar             -1 HG 
  Liabilities:Bar:Members:Koen      1 HG 
  Liabilities:Bar:Members:Koen   1.50 EUR
  Income:Bar                    -1.50 EUR

2022-08-04 txn "Evils bought 1 items for €1.00"
  timestamp: "2022-08-04 21:19:18.127127"
  type: "purchase"
  Assets:Inventory:Bar              -1 CHIP
  Liabilities:Bar:Members:Elvis      1 CHIP
  Liabilities:Bar:Members:Elvis   1.00 EUR 
  Income:Bar                     -1.00 EUR 

2022-08-04 txn "Koen deposited €10.00"
  timestamp: "2022-08-04 21:24:18.841705"
  type: "deposit"
  Liabilities:Bar:Members:Koen  -10.00 EUR
  Assets:Cash:Bar                10.00 EUR

2022-08-04 txn "Thomas deposited €20.00"
  timestamp: "2022-08-04 21:27:46.225248"
  type: "deposit"
  Liabilities:Bar:Members:Thomas  -20.00 EUR
  Assets:Cash:Bar                  20.00 EUR

2022-08-04 txn "Evils bought 1 items for €0.60"
  timestamp: "2022-08-04 21:49:23.834266"
  type: "purchase"
  Assets:Inventory:Bar              -1 TWIX
  Liabilities:Bar:Members:Elvis      1 TWIX
  Liabilities:Bar:Members:Elvis   0.60 EUR 
  Income:Bar                     -0.60 EUR 

2022-08-04 txn "Evils bought 1 items for €0.60"
  timestamp: "2022-08-04 21:51:42.229180"
  type: "purchase"
  Assets:Inventory:Bar              -1 SNACK
  Liabilities:Bar:Members:Elvis      1 SNACK
  Liabilities:Bar:Members:Elvis   0.60 EUR  
  Income:Bar                     -0.60 EUR  

2022-08-04 txn "Evils bought 1 items for €1.00"
  timestamp: "2022-08-04 23:12:22.732305"
  type: "purchase"
  Assets:Inventory:Bar              -1 CHIP
  Liabilities:Bar:Members:Elvis      1 CHIP
  Liabilities:Bar:Members:Elvis   1.00 EUR 
  Income:Bar                     -1.00 EUR 

2022-08-05 txn "Evils bought 1 items for €1.00"
  timestamp: "2022-08-05 01:39:01.044103"
  type: "purchase"
  Assets:Inventory:Bar              -1 ICE_CREAM
  Liabilities:Bar:Members:Elvis      1 ICE_CREAM
  Liabilities:Bar:Members:Elvis   1.00 EUR      
  Income:Bar                     -1.00 EUR      

2022-08-05 txn "Yvan bought 1 items for €0.60"
  timestamp: "2022-08-05 15:34:49.223130"
  type: "purchase"
  Assets:Inventory:Bar             -1 SNACK
  Liabilities:Bar:Members:Yvan      1 SNACK
  Liabilities:Bar:Members:Yvan   0.60 EUR  
  Income:Bar                    -0.60 EUR  

2022-08-05 txn "Bloemist bought 1 items for €1.50"
  timestamp: "2022-08-05 21:59:26.791698"
  type: "purchase"
  Assets:Inventory:Bar                 -1 COKE
  Liabilities:Bar:Members:Bloemist      1 COKE
  Liabilities:Bar:Members:Bloemist   1.50 EUR 
  Income:Bar                        -1.50 EUR 

2022-08-06 txn "Yvan bought 2 items for €2.60"
  timestamp: "2022-08-06 10:30:39.860193"
  type: "purchase"
  Assets:Inventory:Bar             -1 CM   
  Liabilities:Bar:Members:Yvan      1 CM   
  Assets:Inventory:Bar             -1 SNACK
  Liabilities:Bar:Members:Yvan      1 SNACK
  Liabilities:Bar:Members:Yvan   2.60 EUR  
  Income:Bar                    -2.60 EUR  

2022-08-06 txn "Yvan bought 1 items for €1.50"
  timestamp: "2022-08-06 19:36:23.553747"
  type: "purchase"
  Assets:Inventory:Bar             -1 ICETEA
  Liabilities:Bar:Members:Yvan      1 ICETEA
  Liabilities:Bar:Members:Yvan   1.50 EUR   
  Income:Bar                    -1.50 EUR   

2022-08-07 txn "Yvan bought 2 items for €3.50"
  timestamp: "2022-08-07 14:46:23.672255"
  type: "purchase"
  Assets:Inventory:Bar             -1 CM  
  Liabilities:Bar:Members:Yvan      1 CM  
  Assets:Inventory:Bar             -1 COKE
  Liabilities:Bar:Members:Yvan      1 COKE
  Liabilities:Bar:Members:Yvan   3.50 EUR 
  Income:Bar                    -3.50 EUR 

2022-08-07 txn "Bloemist bought 1 items for €1.50"
  timestamp: "2022-08-07 17:13:27.991566"
  type: "purchase"
  Assets:Inventory:Bar                 -1 ICETEA
  Liabilities:Bar:Members:Bloemist      1 ICETEA
  Liabilities:Bar:Members:Bloemist   1.50 EUR   
  Income:Bar                        -1.50 EUR   

2022-08-07 txn "Evils bought 1 items for €1.00"
  timestamp: "2022-08-07 17:33:10.662059"
  type: "purchase"
  Assets:Inventory:Bar              -1 ICE_CREAM
  Liabilities:Bar:Members:Elvis      1 ICE_CREAM
  Liabilities:Bar:Members:Elvis   1.00 EUR      
  Income:Bar                     -1.00 EUR      

2022-08-07 txn "Bloemist bought 1 items for €2.00"
  timestamp: "2022-08-07 18:13:42.949527"
  type: "purchase"
  Assets:Inventory:Bar                 -1 CM 
  Liabilities:Bar:Members:Bloemist      1 CM 
  Liabilities:Bar:Members:Bloemist   2.00 EUR
  Income:Bar                        -2.00 EUR

2022-08-07 txn "Evils bought 1 items for €0.60"
  timestamp: "2022-08-07 18:13:52.452412"
  type: "purchase"
  Assets:Inventory:Bar              -1 EXPIRED_DRINK
  Liabilities:Bar:Members:Elvis      1 EXPIRED_DRINK
  Liabilities:Bar:Members:Elvis   0.60 EUR          
  Income:Bar                     -0.60 EUR          

2022-08-07 txn "Evils bought 1 items for €0.60"
  timestamp: "2022-08-07 21:06:25.364856"
  type: "purchase"
  Assets:Inventory:Bar              -1 BOUNTY
  Liabilities:Bar:Members:Elvis      1 BOUNTY
  Liabilities:Bar:Members:Elvis   0.60 EUR   
  Income:Bar                     -0.60 EUR   

2022-08-07 txn "Bloemist bought 1 items for €2.00"
  timestamp: "2022-08-07 22:02:29.989354"
  type: "purchase"
  Assets:Inventory:Bar                 -1 CM 
  Liabilities:Bar:Members:Bloemist      1 CM 
  Liabilities:Bar:Members:Bloemist   2.00 EUR
  Income:Bar                        -2.00 EUR

2022-08-07 txn "Evils bought 1 items for €1.50"
  timestamp: "2022-08-07 22:17:44.746321"
  type: "purchase"
  Assets:Inventory:Bar              -1 AGRUMES
  Liabilities:Bar:Members:Elvis      1 AGRUMES
  Liabilities:Bar:Members:Elvis   1.50 EUR    
  Income:Bar                     -1.50 EUR    

2022-08-07 txn "Bloemist bought 1 items for €2.50"
  timestamp: "2022-08-07 23:37:26.989539"
  type: "purchase"
  Assets:Inventory:Bar                 -1 MYSTERY
  Liabilities:Bar:Members:Bloemist      1 MYSTERY
  Liabilities:Bar:Members:Bloemist   2.50 EUR    
  Income:Bar                        -2.50 EUR    

2022-08-07 txn "Bloemist bought 1 items for €1.00"
  timestamp: "2022-08-07 23:39:54.807115"
  type: "purchase"
  Assets:Inventory:Bar                 -1 CHIP
  Liabilities:Bar:Members:Bloemist      1 CHIP
  Liabilities:Bar:Members:Bloemist   1.00 EUR 
  Income:Bar                        -1.00 EUR 

2022-08-07 txn "Evils bought 1 items for €1.00"
  timestamp: "2022-08-07 23:41:13.382865"
  type: "purchase"
  Assets:Inventory:Bar              -1 CHIP
  Liabilities:Bar:Members:Elvis      1 CHIP
  Liabilities:Bar:Members:Elvis   1.00 EUR 
  Income:Bar                     -1.00 EUR 

2022-08-08 txn "Bloemist bought 1 items for €1.50"
  timestamp: "2022-08-08 00:56:11.326241"
  type: "purchase"
  Assets:Inventory:Bar                 -1 AGRUMES
  Liabilities:Bar:Members:Bloemist      1 AGRUMES
  Liabilities:Bar:Members:Bloemist   1.50 EUR    
  Income:Bar                        -1.50 EUR    

2022-08-08 txn "Evils bought 1 items for €1.00"
  timestamp: "2022-08-08 01:33:09.098930"
  type: "purchase"
  Assets:Inventory:Bar              -1 ICE_CREAM
  Liabilities:Bar:Members:Elvis      1 ICE_CREAM
  Liabilities:Bar:Members:Elvis   1.00 EUR      
  Income:Bar                     -1.00 EUR      

2022-08-08 txn "Els bought 1 items for €0.60"
  timestamp: "2022-08-08 15:26:23.317846"
  type: "purchase"
  Assets:Inventory:Bar            -1 KITKAT
  Liabilities:Bar:Members:Els      1 KITKAT
  Liabilities:Bar:Members:Els   0.60 EUR   
  Income:Bar                   -0.60 EUR   

2022-08-08 txn "Bloemist bought 1 items for €1.00"
  timestamp: "2022-08-08 15:39:44.541205"
  type: "purchase"
  Assets:Inventory:Bar                 -1 ICE_CREAM
  Liabilities:Bar:Members:Bloemist      1 ICE_CREAM
  Liabilities:Bar:Members:Bloemist   1.00 EUR      
  Income:Bar                        -1.00 EUR      

2022-08-09 txn "DJefke bought 1 items for €2.00"
  timestamp: "2022-08-09 08:17:55.929738"
  type: "purchase"
  Assets:Inventory:Bar               -1 CM 
  Liabilities:Bar:Members:DJefke      1 CM 
  Liabilities:Bar:Members:DJefke   2.00 EUR
  Income:Bar                      -2.00 EUR

2022-08-09 txn "Yvan bought 2 items for €2.10"
  timestamp: "2022-08-09 10:28:26.035895"
  type: "purchase"
  Assets:Inventory:Bar             -1 COKE  
  Liabilities:Bar:Members:Yvan      1 COKE  
  Assets:Inventory:Bar             -1 KITKAT
  Liabilities:Bar:Members:Yvan      1 KITKAT
  Liabilities:Bar:Members:Yvan   2.10 EUR   
  Income:Bar                    -2.10 EUR   

2022-08-09 txn "Elfeera bought 2 items for €2.10"
  timestamp: "2022-08-09 10:29:24.236554"
  type: "purchase"
  Assets:Inventory:Bar                -1 FANTA 
  Liabilities:Bar:Members:Elfeera      1 FANTA 
  Assets:Inventory:Bar                -1 BOUNTY
  Liabilities:Bar:Members:Elfeera      1 BOUNTY
  Liabilities:Bar:Members:Elfeera   2.10 EUR   
  Income:Bar                       -2.10 EUR   

2022-08-09 txn "DJefke bought 1 items for €0.60"
  timestamp: "2022-08-09 10:36:27.131187"
  type: "purchase"
  Assets:Inventory:Bar               -1 TWIX
  Liabilities:Bar:Members:DJefke      1 TWIX
  Liabilities:Bar:Members:DJefke   0.60 EUR 
  Income:Bar                      -0.60 EUR 

2022-08-09 txn "Elfeera bought 1 items for €1.00"
  timestamp: "2022-08-09 11:31:56.343986"
  type: "purchase"
  Assets:Inventory:Bar                -1 ICE_CREAM
  Liabilities:Bar:Members:Elfeera      1 ICE_CREAM
  Liabilities:Bar:Members:Elfeera   1.00 EUR      
  Income:Bar                       -1.00 EUR      

2022-08-09 txn "DJefke bought 1 items for €2.00"
  timestamp: "2022-08-09 12:13:50.871056"
  type: "purchase"
  Assets:Inventory:Bar               -1 CM 
  Liabilities:Bar:Members:DJefke      1 CM 
  Liabilities:Bar:Members:DJefke   2.00 EUR
  Income:Bar                      -2.00 EUR

2022-08-09 txn "Evils bought 1 items for €0.60"
  timestamp: "2022-08-09 19:07:41.784722"
  type: "purchase"
  Assets:Inventory:Bar              -1 EXPIRED_DRINK
  Liabilities:Bar:Members:Elvis      1 EXPIRED_DRINK
  Liabilities:Bar:Members:Elvis   0.60 EUR          
  Income:Bar                     -0.60 EUR          

2022-08-09 txn "Bloemist bought 1 items for €2.00"
  timestamp: "2022-08-09 19:44:37.177257"
  type: "purchase"
  Assets:Inventory:Bar                 -1 CM 
  Liabilities:Bar:Members:Bloemist      1 CM 
  Liabilities:Bar:Members:Bloemist   2.00 EUR
  Income:Bar                        -2.00 EUR

2022-08-09 txn "Evils bought 1 items for €1.50"
  timestamp: "2022-08-09 22:05:30.591465"
  type: "purchase"
  Assets:Inventory:Bar              -1 AGRUMES
  Liabilities:Bar:Members:Elvis      1 AGRUMES
  Liabilities:Bar:Members:Elvis   1.50 EUR    
  Income:Bar                     -1.50 EUR    

2022-08-10 txn "Bloemist bought 1 items for €2.00"
  timestamp: "2022-08-10 01:38:13.532757"
  type: "purchase"
  Assets:Inventory:Bar                 -1 CM 
  Liabilities:Bar:Members:Bloemist      1 CM 
  Liabilities:Bar:Members:Bloemist   2.00 EUR
  Income:Bar                        -2.00 EUR

2022-08-10 txn "Yvan bought 2 items for €1.20"
  timestamp: "2022-08-10 12:58:16.190114"
  type: "purchase"
  Assets:Inventory:Bar             -1 BOUNTY
  Liabilities:Bar:Members:Yvan      1 BOUNTY
  Assets:Inventory:Bar             -1 SNACK 
  Liabilities:Bar:Members:Yvan      1 SNACK 
  Liabilities:Bar:Members:Yvan   1.20 EUR   
  Income:Bar                    -1.20 EUR   

2022-08-11 txn "DJefke bought 1 items for €2.00"
  timestamp: "2022-08-11 08:44:56.193201"
  type: "purchase"
  Assets:Inventory:Bar               -1 CM 
  Liabilities:Bar:Members:DJefke      1 CM 
  Liabilities:Bar:Members:DJefke   2.00 EUR
  Income:Bar                      -2.00 EUR

2022-08-11 txn "Carro​armato0 bought 3 items for €1.80"
  timestamp: "2022-08-11 12:22:49.053476"
  type: "purchase"
  Assets:Inventory:Bar                     -1 KITKAT
  Liabilities:Bar:Members:Carroarmato0      1 KITKAT
  Assets:Inventory:Bar                     -1 LEO   
  Liabilities:Bar:Members:Carroarmato0      1 LEO   
  Assets:Inventory:Bar                     -1 BOUNTY
  Liabilities:Bar:Members:Carroarmato0      1 BOUNTY
  Liabilities:Bar:Members:Carroarmato0   1.80 EUR   
  Income:Bar                            -1.80 EUR   

2022-08-11 txn "DJefke bought 2 items for €2.00"
  timestamp: "2022-08-11 12:28:55.273364"
  type: "purchase"
  Assets:Inventory:Bar               -2 ICE_CREAM
  Liabilities:Bar:Members:DJefke      2 ICE_CREAM
  Liabilities:Bar:Members:DJefke   2.00 EUR      
  Income:Bar                      -2.00 EUR      

2022-08-11 txn "Miker bought 2 items for €4.00"
  timestamp: "2022-08-11 12:30:46.685509"
  type: "purchase"
  Assets:Inventory:Bar              -2 CM 
  Liabilities:Bar:Members:Miker      2 CM 
  Liabilities:Bar:Members:Miker   4.00 EUR
  Income:Bar                     -4.00 EUR

2022-08-11 txn "DJefke bought 1 items for €2.00"
  timestamp: "2022-08-11 13:07:22.483142"
  type: "purchase"
  Assets:Inventory:Bar               -1 CM 
  Liabilities:Bar:Members:DJefke      1 CM 
  Liabilities:Bar:Members:DJefke   2.00 EUR
  Income:Bar                      -2.00 EUR

2022-08-11 txn "Elfeera bought 2 items for €2.10"
  timestamp: "2022-08-11 13:08:04.227979"
  type: "purchase"
  Assets:Inventory:Bar                -1 FANTA 
  Liabilities:Bar:Members:Elfeera      1 FANTA 
  Assets:Inventory:Bar                -1 BOUNTY
  Liabilities:Bar:Members:Elfeera      1 BOUNTY
  Liabilities:Bar:Members:Elfeera   2.10 EUR   
  Income:Bar                       -2.10 EUR   

2022-08-11 txn "Carro​armato0 bought 1 items for €1.50"
  timestamp: "2022-08-11 13:08:20.884383"
  type: "purchase"
  Assets:Inventory:Bar                     -1 AGRUMES
  Liabilities:Bar:Members:Carroarmato0      1 AGRUMES
  Liabilities:Bar:Members:Carroarmato0   1.50 EUR    
  Income:Bar                            -1.50 EUR    

2022-08-11 txn "DJefke bought 1 items for €0.60"
  timestamp: "2022-08-11 13:52:14.984810"
  type: "purchase"
  Assets:Inventory:Bar               -1 TWIX
  Liabilities:Bar:Members:DJefke      1 TWIX
  Liabilities:Bar:Members:DJefke   0.60 EUR 
  Income:Bar                      -0.60 EUR 

2022-08-11 txn "DJefke bought 1 items for €1.50"
  timestamp: "2022-08-11 16:08:38.781788"
  type: "purchase"
  Assets:Inventory:Bar               -1 ICETEA
  Liabilities:Bar:Members:DJefke      1 ICETEA
  Liabilities:Bar:Members:DJefke   1.50 EUR   
  Income:Bar                      -1.50 EUR   

2022-08-11 txn "Elfeera bought 2 items for €2.10"
  timestamp: "2022-08-11 16:09:27.728002"
  type: "purchase"
  Assets:Inventory:Bar                -1 FANTA 
  Liabilities:Bar:Members:Elfeera      1 FANTA 
  Assets:Inventory:Bar                -1 BOUNTY
  Liabilities:Bar:Members:Elfeera      1 BOUNTY
  Liabilities:Bar:Members:Elfeera   2.10 EUR   
  Income:Bar                       -2.10 EUR   

2022-08-11 txn "Carro​armato0 bought 1 items for €1.50"
  timestamp: "2022-08-11 17:09:22.001715"
  type: "purchase"
  Assets:Inventory:Bar                     -1 ICETEA
  Liabilities:Bar:Members:Carroarmato0      1 ICETEA
  Liabilities:Bar:Members:Carroarmato0   1.50 EUR   
  Income:Bar                            -1.50 EUR   

2022-08-11 txn "Evils bought 1 items for €0.60"
  timestamp: "2022-08-11 17:13:01.736275"
  type: "purchase"
  Assets:Inventory:Bar              -1 EXPIRED_DRINK
  Liabilities:Bar:Members:Elvis      1 EXPIRED_DRINK
  Liabilities:Bar:Members:Elvis   0.60 EUR          
  Income:Bar                     -0.60 EUR          

2022-08-11 txn "Carro​armato0 bought 1 items for €1.50"
  timestamp: "2022-08-11 17:13:18.080437"
  type: "purchase"
  Assets:Inventory:Bar                     -1 ICETEA
  Liabilities:Bar:Members:Carroarmato0      1 ICETEA
  Liabilities:Bar:Members:Carroarmato0   1.50 EUR   
  Income:Bar                            -1.50 EUR   

2022-08-11 txn "DJefke bought 1 items for €1.50"
  timestamp: "2022-08-11 17:23:25.894350"
  type: "purchase"
  Assets:Inventory:Bar               -1 ICETEA
  Liabilities:Bar:Members:DJefke      1 ICETEA
  Liabilities:Bar:Members:DJefke   1.50 EUR   
  Income:Bar                      -1.50 EUR   

2022-08-11 txn "Elfeera bought 1 items for €2.50"
  timestamp: "2022-08-11 17:55:33.619084"
  type: "purchase"
  Assets:Inventory:Bar                -1 MYSTERY
  Liabilities:Bar:Members:Elfeera      1 MYSTERY
  Liabilities:Bar:Members:Elfeera   2.50 EUR    
  Income:Bar                       -2.50 EUR    

2022-08-11 txn "Carro​armato0 bought 1 items for €1.50"
  timestamp: "2022-08-11 18:10:17.186968"
  type: "purchase"
  Assets:Inventory:Bar                     -1 COKE
  Liabilities:Bar:Members:Carroarmato0      1 COKE
  Liabilities:Bar:Members:Carroarmato0   1.50 EUR 
  Income:Bar                            -1.50 EUR 

2022-08-11 txn "Carro​armato0 bought 1 items for €1.50"
  timestamp: "2022-08-11 18:28:10.900029"
  type: "purchase"
  Assets:Inventory:Bar                     -1 COKE
  Liabilities:Bar:Members:Carroarmato0      1 COKE
  Liabilities:Bar:Members:Carroarmato0   1.50 EUR 
  Income:Bar                            -1.50 EUR 

2022-08-11 txn "DJefke bought 1 items for €2.50"
  timestamp: "2022-08-11 18:50:11.997114"
  type: "purchase"
  Assets:Inventory:Bar               -1 MYSTERY
  Liabilities:Bar:Members:DJefke      1 MYSTERY
  Liabilities:Bar:Members:DJefke   2.50 EUR    
  Income:Bar                      -2.50 EUR    

2022-08-11 txn "Joris bought 1 items for €1.50"
  timestamp: "2022-08-11 18:52:09.041119"
  type: "purchase"
  Assets:Inventory:Bar              -1 AGRUMES
  Liabilities:Bar:Members:Joris      1 AGRUMES
  Liabilities:Bar:Members:Joris   1.50 EUR    
  Income:Bar                     -1.50 EUR    

2022-08-11 txn "Thomas bought 1 items for €2.00"
  timestamp: "2022-08-11 18:52:27.807559"
  type: "purchase"
  Assets:Inventory:Bar               -1 CM 
  Liabilities:Bar:Members:Thomas      1 CM 
  Liabilities:Bar:Members:Thomas   2.00 EUR
  Income:Bar                      -2.00 EUR

2022-08-11 txn "--CASH-- bought 1 items for €2.00"
  timestamp: "2022-08-11 19:03:25.390875"
  type: "purchase"
  Assets:Inventory:Bar     -1 CMRED
  Assets:Cash:Bar           1 CMRED
  Assets:Cash:Bar        2.00 EUR  
  Income:Bar            -2.00 EUR  

2022-08-11 txn "Miker bought 1 items for €1.50"
  timestamp: "2022-08-11 19:09:29.040094"
  type: "purchase"
  Assets:Inventory:Bar              -1 ICETEA
  Liabilities:Bar:Members:Miker      1 ICETEA
  Liabilities:Bar:Members:Miker   1.50 EUR   
  Income:Bar                     -1.50 EUR   

2022-08-11 txn "Koen bought 1 items for €1.50"
  timestamp: "2022-08-11 19:17:43.633676"
  type: "purchase"
  Assets:Inventory:Bar             -1 ICETEA
  Liabilities:Bar:Members:Koen      1 ICETEA
  Liabilities:Bar:Members:Koen   1.50 EUR   
  Income:Bar                    -1.50 EUR   

2022-08-11 txn "Carro​armato0 bought 2 items for €3.00"
  timestamp: "2022-08-11 19:34:46.263626"
  type: "purchase"
  Assets:Inventory:Bar                     -1 HG    
  Liabilities:Bar:Members:Carroarmato0      1 HG    
  Assets:Inventory:Bar                     -1 ICETEA
  Liabilities:Bar:Members:Carroarmato0      1 ICETEA
  Liabilities:Bar:Members:Carroarmato0   3.00 EUR   
  Income:Bar                            -3.00 EUR   

2022-08-11 txn "Carro​armato0 bought 1 items for €1.50"
  timestamp: "2022-08-11 19:40:22.510688"
  type: "purchase"
  Assets:Inventory:Bar                     -1 AGRUMES
  Liabilities:Bar:Members:Carroarmato0      1 AGRUMES
  Liabilities:Bar:Members:Carroarmato0   1.50 EUR    
  Income:Bar                            -1.50 EUR    

2022-08-11 txn "Thomas bought 1 items for €1.50"
  timestamp: "2022-08-11 19:47:38.066203"
  type: "purchase"
  Assets:Inventory:Bar               -1 HG 
  Liabilities:Bar:Members:Thomas      1 HG 
  Liabilities:Bar:Members:Thomas   1.50 EUR
  Income:Bar                      -1.50 EUR

2022-08-11 txn "Miker bought 2 items for €2.10"
  timestamp: "2022-08-11 19:47:59.801473"
  type: "purchase"
  Assets:Inventory:Bar              -1 COKE
  Liabilities:Bar:Members:Miker      1 COKE
  Assets:Inventory:Bar              -1 LEO 
  Liabilities:Bar:Members:Miker      1 LEO 
  Liabilities:Bar:Members:Miker   2.10 EUR 
  Income:Bar                     -2.10 EUR 

2022-08-11 txn "Joris bought 1 items for €0.60"
  timestamp: "2022-08-11 19:59:26.227224"
  type: "purchase"
  Assets:Inventory:Bar              -1 KITKAT
  Liabilities:Bar:Members:Joris      1 KITKAT
  Liabilities:Bar:Members:Joris   0.60 EUR   
  Income:Bar                     -0.60 EUR   

2022-08-11 txn "Thomas bought 1 items for €0.60"
  timestamp: "2022-08-11 19:59:42.456279"
  type: "purchase"
  Assets:Inventory:Bar               -1 EXPIRED_DRINK
  Liabilities:Bar:Members:Thomas      1 EXPIRED_DRINK
  Liabilities:Bar:Members:Thomas   0.60 EUR          
  Income:Bar                      -0.60 EUR          

2022-08-11 txn "Carro​armato0 bought 2 items for €2.10"
  timestamp: "2022-08-11 20:07:07.638459"
  type: "purchase"
  Assets:Inventory:Bar                     -1 COKE
  Liabilities:Bar:Members:Carroarmato0      1 COKE
  Assets:Inventory:Bar                     -1 TWIX
  Liabilities:Bar:Members:Carroarmato0      1 TWIX
  Liabilities:Bar:Members:Carroarmato0   2.10 EUR 
  Income:Bar                            -2.10 EUR 

2022-08-11 txn "Elfeera bought 1 items for €1.50"
  timestamp: "2022-08-11 20:09:48.874286"
  type: "purchase"
  Assets:Inventory:Bar                -1 FANTA
  Liabilities:Bar:Members:Elfeera      1 FANTA
  Liabilities:Bar:Members:Elfeera   1.50 EUR  
  Income:Bar                       -1.50 EUR  

2022-08-11 txn "Carro​armato0 bought 1 items for €1.50"
  timestamp: "2022-08-11 20:12:59.617266"
  type: "purchase"
  Assets:Inventory:Bar                     -1 COKE
  Liabilities:Bar:Members:Carroarmato0      1 COKE
  Liabilities:Bar:Members:Carroarmato0   1.50 EUR 
  Income:Bar                            -1.50 EUR 

2022-08-11 txn "Carro​armato0 bought 1 items for €0.60"
  timestamp: "2022-08-11 20:13:48.916680"
  type: "purchase"
  Assets:Inventory:Bar                     -1 TWIX
  Liabilities:Bar:Members:Carroarmato0      1 TWIX
  Liabilities:Bar:Members:Carroarmato0   0.60 EUR 
  Income:Bar                            -0.60 EUR 

2022-08-11 txn "Carro​armato0 bought 1 items for €0.60"
  timestamp: "2022-08-11 20:30:49.027355"
  type: "purchase"
  Assets:Inventory:Bar                     -1 LEO
  Liabilities:Bar:Members:Carroarmato0      1 LEO
  Liabilities:Bar:Members:Carroarmato0   0.60 EUR
  Income:Bar                            -0.60 EUR

2022-08-11 txn "Evils bought 1 items for €0.60"
  timestamp: "2022-08-11 20:33:19.976397"
  type: "purchase"
  Assets:Inventory:Bar              -1 EXPIRED_DRINK
  Liabilities:Bar:Members:Elvis      1 EXPIRED_DRINK
  Liabilities:Bar:Members:Elvis   0.60 EUR          
  Income:Bar                     -0.60 EUR          

2022-08-11 txn "Miker gave Thomas a gift of €1.50"
  timestamp: "2022-08-11 20:49:16.449040"
  type: "transfer"
  Liabilities:Bar:Members:Miker    1.50 EUR
  Liabilities:Bar:Members:Thomas  -1.50 EUR

2022-08-11 txn "Miker bought 1 items for €1.50"
  timestamp: "2022-08-11 20:50:52.424939"
  type: "purchase"
  Assets:Inventory:Bar              -1 FANTA
  Liabilities:Bar:Members:Miker      1 FANTA
  Liabilities:Bar:Members:Miker   1.50 EUR  
  Income:Bar                     -1.50 EUR  

2022-08-11 txn "Bloemist bought 1 items for €2.00"
  timestamp: "2022-08-11 20:52:31.869082"
  type: "purchase"
  Assets:Inventory:Bar                 -1 CM 
  Liabilities:Bar:Members:Bloemist      1 CM 
  Liabilities:Bar:Members:Bloemist   2.00 EUR
  Income:Bar                        -2.00 EUR

2022-08-11 txn "DJefke deposited €50.00"
  timestamp: "2022-08-11 20:52:49.318476"
  type: "deposit"
  Liabilities:Bar:Members:DJefke  -50.00 EUR
  Assets:Cash:Bar                  50.00 EUR

2022-08-11 txn "Elfeera gave Carro​armato0 a gift of €11.50"
  timestamp: "2022-08-11 20:54:47.718638"
  type: "transfer"
  Liabilities:Bar:Members:Elfeera        11.50 EUR
  Liabilities:Bar:Members:Carroarmato0  -11.50 EUR

2022-08-11 txn "DJefke gave Carro​armato0 a gift of €12.50"
  timestamp: "2022-08-11 20:55:20.803050"
  type: "transfer"
  Liabilities:Bar:Members:DJefke         12.50 EUR
  Liabilities:Bar:Members:Carroarmato0  -12.50 EUR

2022-08-11 txn "Elfeera deposited €30.00"
  timestamp: "2022-08-11 20:56:25.716565"
  type: "deposit"
  Liabilities:Bar:Members:Elfeera  -30.00 EUR
  Assets:Cash:Bar                   30.00 EUR

2022-08-11 txn "--CASH-- bought 7 items for €8.70"
  timestamp: "2022-08-11 21:20:06.409460"
  type: "purchase"
  Assets:Inventory:Bar     -5 COKE
  Assets:Cash:Bar           5 COKE
  Assets:Inventory:Bar     -1 LEO 
  Assets:Cash:Bar           1 LEO 
  Assets:Inventory:Bar     -1 TWIX
  Assets:Cash:Bar           1 TWIX
  Assets:Cash:Bar        8.70 EUR 
  Income:Bar            -8.70 EUR 

2022-08-11 txn "--CASH-- gave Carro​armato0 a gift of €8.70"
  timestamp: "2022-08-11 21:21:09.153242"
  type: "transfer"
  Assets:Cash:Bar                        8.70 EUR
  Liabilities:Bar:Members:Carroarmato0  -8.70 EUR

2022-08-11 txn "Evils bought 1 items for €0.60"
  timestamp: "2022-08-11 23:10:59.175624"
  type: "purchase"
  Assets:Inventory:Bar              -1 SNACK
  Liabilities:Bar:Members:Elvis      1 SNACK
  Liabilities:Bar:Members:Elvis   0.60 EUR  
  Income:Bar                     -0.60 EUR  

2022-08-12 txn "DJefke bought 2 items for €2.60"
  timestamp: "2022-08-12 08:40:18.148781"
  type: "purchase"
  Assets:Inventory:Bar               -1 CM  
  Liabilities:Bar:Members:DJefke      1 CM  
  Assets:Inventory:Bar               -1 TWIX
  Liabilities:Bar:Members:DJefke      1 TWIX
  Liabilities:Bar:Members:DJefke   2.60 EUR 
  Income:Bar                      -2.60 EUR 

2022-08-12 txn "DJefke bought 1 items for €0.60"
  timestamp: "2022-08-12 10:36:39.635634"
  type: "purchase"
  Assets:Inventory:Bar               -1 TWIX
  Liabilities:Bar:Members:DJefke      1 TWIX
  Liabilities:Bar:Members:DJefke   0.60 EUR 
  Income:Bar                      -0.60 EUR 

2022-08-12 txn "DJefke bought 1 items for €1.00"
  timestamp: "2022-08-12 11:54:23.728129"
  type: "purchase"
  Assets:Inventory:Bar               -1 ICE_CREAM
  Liabilities:Bar:Members:DJefke      1 ICE_CREAM
  Liabilities:Bar:Members:DJefke   1.00 EUR      
  Income:Bar                      -1.00 EUR      

2022-08-14 txn "Lisa bought 2 items for €2.70"
  timestamp: "2022-08-14 11:33:33.293469"
  type: "purchase"
  Assets:Inventory:Bar             -1 ICETEA
  Liabilities:Bar:Members:Lisa      1 ICETEA
  Assets:Inventory:Bar             -1 NAKD  
  Liabilities:Bar:Members:Lisa      1 NAKD  
  Liabilities:Bar:Members:Lisa   2.70 EUR   
  Income:Bar                    -2.70 EUR   

2022-08-14 txn "Lisa bought 1 items for €1.00"
  timestamp: "2022-08-14 13:49:41.263670"
  type: "purchase"
  Assets:Inventory:Bar             -1 ICE_CREAM
  Liabilities:Bar:Members:Lisa      1 ICE_CREAM
  Liabilities:Bar:Members:Lisa   1.00 EUR      
  Income:Bar                    -1.00 EUR      

2022-08-14 txn "Yvan bought 1 items for €1.50"
  timestamp: "2022-08-14 16:04:58.335438"
  type: "purchase"
  Assets:Inventory:Bar             -1 COKE
  Liabilities:Bar:Members:Yvan      1 COKE
  Liabilities:Bar:Members:Yvan   1.50 EUR 
  Income:Bar                    -1.50 EUR 

2022-08-16 txn "Yvan bought 2 items for €1.20"
  timestamp: "2022-08-16 09:12:08.140241"
  type: "purchase"
  Assets:Inventory:Bar             -1 BOUNTY
  Liabilities:Bar:Members:Yvan      1 BOUNTY
  Assets:Inventory:Bar             -1 SNACK 
  Liabilities:Bar:Members:Yvan      1 SNACK 
  Liabilities:Bar:Members:Yvan   1.20 EUR   
  Income:Bar                    -1.20 EUR   

2022-08-16 txn "Elfeera bought 1 items for €0.60"
  timestamp: "2022-08-16 12:55:12.345842"
  type: "purchase"
  Assets:Inventory:Bar                -1 BOUNTY
  Liabilities:Bar:Members:Elfeera      1 BOUNTY
  Liabilities:Bar:Members:Elfeera   0.60 EUR   
  Income:Bar                       -0.60 EUR   

2022-08-16 txn "Elfeera bought 2 items for €2.00"
  timestamp: "2022-08-16 15:33:28.094355"
  type: "purchase"
  Assets:Inventory:Bar                -2 ICE_CREAM
  Liabilities:Bar:Members:Elfeera      2 ICE_CREAM
  Liabilities:Bar:Members:Elfeera   2.00 EUR      
  Income:Bar                       -2.00 EUR      

2022-08-17 txn "Yvan bought 1 items for €0.60"
  timestamp: "2022-08-17 16:43:07.357644"
  type: "purchase"
  Assets:Inventory:Bar             -1 KITKAT
  Liabilities:Bar:Members:Yvan      1 KITKAT
  Liabilities:Bar:Members:Yvan   0.60 EUR   
  Income:Bar                    -0.60 EUR   

2022-08-18 txn "Yvan bought 1 items for €0.60"
  timestamp: "2022-08-18 09:25:49.440518"
  type: "purchase"
  Assets:Inventory:Bar             -1 SNACK
  Liabilities:Bar:Members:Yvan      1 SNACK
  Liabilities:Bar:Members:Yvan   0.60 EUR  
  Income:Bar                    -0.60 EUR  

2022-08-18 txn "Elfeera bought 1 items for €1.00"
  timestamp: "2022-08-18 11:46:15.862028"
  type: "purchase"
  Assets:Inventory:Bar                -1 ICE_CREAM
  Liabilities:Bar:Members:Elfeera      1 ICE_CREAM
  Liabilities:Bar:Members:Elfeera   1.00 EUR      
  Liabilities:Bar:Members:Yvan     -0.63 EUR      
  Income:Bar                       -0.37 EUR      

2022-08-18 txn "--CASH-- bought 1 items for €1.00"
  timestamp: "2022-08-18 11:47:26.384927"
  type: "purchase"
  Assets:Inventory:Bar             -1 ICE_CREAM
  Assets:Cash:Bar                   1 ICE_CREAM
  Assets:Cash:Bar                1.00 EUR      
  Liabilities:Bar:Members:Yvan  -0.63 EUR      
  Income:Bar                    -0.37 EUR      

2022-08-18 txn "Evils bought 1 items for €0.60"
  timestamp: "2022-08-18 14:14:02.017850"
  type: "purchase"
  Assets:Inventory:Bar              -1 EXPIRED_DRINK
  Liabilities:Bar:Members:Elvis      1 EXPIRED_DRINK
  Liabilities:Bar:Members:Elvis   0.60 EUR          
  Income:Bar                     -0.60 EUR          

2022-08-18 txn "Sander bought 2 items for €2.10"
  timestamp: "2022-08-18 15:32:51.883651"
  type: "purchase"
  Assets:Inventory:Bar               -1 COKE  
  Liabilities:Bar:Members:Sander      1 COKE  
  Assets:Inventory:Bar               -1 BOUNTY
  Liabilities:Bar:Members:Sander      1 BOUNTY
  Liabilities:Bar:Members:Sander   2.10 EUR   
  Income:Bar                      -2.10 EUR   

2022-08-18 txn "Sander bought 1 items for €0.60"
  timestamp: "2022-08-18 16:31:38.902093"
  type: "purchase"
  Assets:Inventory:Bar               -1 TWIX
  Liabilities:Bar:Members:Sander      1 TWIX
  Liabilities:Bar:Members:Sander   0.60 EUR 
  Income:Bar                      -0.60 EUR 

2022-08-18 txn "--CASH-- bought 1 items for €1.00"
  timestamp: "2022-08-18 16:42:19.205925"
  type: "purchase"
  Assets:Inventory:Bar             -1 ICE_CREAM
  Assets:Cash:Bar                   1 ICE_CREAM
  Assets:Cash:Bar                1.00 EUR      
  Liabilities:Bar:Members:Yvan  -0.63 EUR      
  Income:Bar                    -0.37 EUR      

2022-08-18 txn "Yvan bought 1 items for €1.50"
  timestamp: "2022-08-18 17:04:51.715395"
  type: "purchase"
  Assets:Inventory:Bar             -1 ICETEA
  Liabilities:Bar:Members:Yvan      1 ICETEA
  Liabilities:Bar:Members:Yvan   1.50 EUR   
  Income:Bar                    -1.50 EUR   

2022-08-18 txn "Stefaan bought 2 items for €1.20"
  timestamp: "2022-08-18 17:12:48.719833"
  type: "purchase"
  Assets:Inventory:Bar                -1 KITKAT
  Liabilities:Bar:Members:Stefaan      1 KITKAT
  Assets:Inventory:Bar                -1 TWIX  
  Liabilities:Bar:Members:Stefaan      1 TWIX  
  Liabilities:Bar:Members:Stefaan   1.20 EUR   
  Income:Bar                       -1.20 EUR   

2022-08-18 txn "Stefaan deposited €-20.00"
  timestamp: "2022-08-18 17:13:52.917384"
  type: "deposit"
  Liabilities:Bar:Members:Stefaan   20.00 EUR
  Assets:Cash:Bar                  -20.00 EUR

2022-08-18 txn "Stefaan deposited €40.00"
  timestamp: "2022-08-18 17:14:16.545585"
  type: "deposit"
  Liabilities:Bar:Members:Stefaan  -40.00 EUR
  Assets:Cash:Bar                   40.00 EUR

2022-08-18 txn "--CASH-- bought 2 items for €2.50"
  timestamp: "2022-08-18 17:16:45.063531"
  type: "purchase"
  Assets:Inventory:Bar     -1 AGRUMES
  Assets:Cash:Bar           1 AGRUMES
  Assets:Inventory:Bar     -1 CHIP   
  Assets:Cash:Bar           1 CHIP   
  Assets:Cash:Bar        2.50 EUR    
  Income:Bar            -2.50 EUR    

2022-08-18 txn "--CASH-- bought 1 items for €2.00"
  timestamp: "2022-08-18 17:19:26.458260"
  type: "purchase"
  Assets:Inventory:Bar     -1 CM 
  Assets:Cash:Bar           1 CM 
  Assets:Cash:Bar        2.00 EUR
  Income:Bar            -2.00 EUR

2022-08-18 txn "Els bought 1 items for €0.60"
  timestamp: "2022-08-18 17:29:24.488578"
  type: "purchase"
  Assets:Inventory:Bar            -1 KITKAT
  Liabilities:Bar:Members:Els      1 KITKAT
  Liabilities:Bar:Members:Els   0.60 EUR   
  Income:Bar                   -0.60 EUR   

2022-08-18 txn "Stefaan bought 1 items for €0.60"
  timestamp: "2022-08-18 17:30:02.552506"
  type: "purchase"
  Assets:Inventory:Bar                -1 KITKAT
  Liabilities:Bar:Members:Stefaan      1 KITKAT
  Liabilities:Bar:Members:Stefaan   0.60 EUR   
  Income:Bar                       -0.60 EUR   

2022-08-18 txn "Evils bought 1 items for €0.60"
  timestamp: "2022-08-18 17:36:29.572688"
  type: "purchase"
  Assets:Inventory:Bar              -1 EXPIRED_DRINK
  Liabilities:Bar:Members:Elvis      1 EXPIRED_DRINK
  Liabilities:Bar:Members:Elvis   0.60 EUR          
  Income:Bar                     -0.60 EUR          

2022-08-18 txn "Sander bought 1 items for €1.50"
  timestamp: "2022-08-18 17:59:17.193887"
  type: "purchase"
  Assets:Inventory:Bar               -1 ICETEA
  Liabilities:Bar:Members:Sander      1 ICETEA
  Liabilities:Bar:Members:Sander   1.50 EUR   
  Income:Bar                      -1.50 EUR   

2022-08-18 txn "Matth bought 1 items for €1.50"
  timestamp: "2022-08-18 18:06:26.152677"
  type: "purchase"
  Assets:Inventory:Bar              -1 COKE
  Liabilities:Bar:Members:Matth      1 COKE
  Liabilities:Bar:Members:Matth   1.50 EUR 
  Income:Bar                     -1.50 EUR 

2022-08-18 txn "Fearless bought 1 items for €1.50"
  timestamp: "2022-08-18 18:35:03.790664"
  type: "purchase"
  Assets:Inventory:Bar                 -1 SCHWEPPES
  Liabilities:Bar:Members:Fearless      1 SCHWEPPES
  Liabilities:Bar:Members:Fearless   1.50 EUR      
  Income:Bar                        -1.50 EUR      

2022-08-18 txn "Thomas bought 1 items for €2.50"
  timestamp: "2022-08-18 18:58:28.455807"
  type: "purchase"
  Assets:Inventory:Bar               -1 MYSTERY
  Liabilities:Bar:Members:Thomas      1 MYSTERY
  Liabilities:Bar:Members:Thomas   2.50 EUR    
  Income:Bar                      -2.50 EUR    

2022-08-18 txn "Thomas bought 1 items for €1.00"
  timestamp: "2022-08-18 18:59:42.415775"
  type: "purchase"
  Assets:Inventory:Bar               -1 CHIP
  Liabilities:Bar:Members:Thomas      1 CHIP
  Liabilities:Bar:Members:Thomas   1.00 EUR 
  Income:Bar                      -1.00 EUR 

2022-08-18 txn "--CASH-- bought 1 items for €1.00"
  timestamp: "2022-08-18 19:22:27.081091"
  type: "purchase"
  Assets:Inventory:Bar     -1 CHIP
  Assets:Cash:Bar           1 CHIP
  Assets:Cash:Bar        1.00 EUR 
  Income:Bar            -1.00 EUR 

2022-08-18 txn "Stefaan bought 1 items for €0.60"
  timestamp: "2022-08-18 19:50:35.784216"
  type: "purchase"
  Assets:Inventory:Bar                -1 LEO
  Liabilities:Bar:Members:Stefaan      1 LEO
  Liabilities:Bar:Members:Stefaan   0.60 EUR
  Income:Bar                       -0.60 EUR

2022-08-18 txn "Fearless bought 1 items for €1.50"
  timestamp: "2022-08-18 19:51:40.937279"
  type: "purchase"
  Assets:Inventory:Bar                 -1 SCHWEPPES
  Liabilities:Bar:Members:Fearless      1 SCHWEPPES
  Liabilities:Bar:Members:Fearless   1.50 EUR      
  Income:Bar                        -1.50 EUR      

2022-08-18 txn "Elfeera bought 1 items for €1.50"
  timestamp: "2022-08-18 19:57:41.634525"
  type: "purchase"
  Assets:Inventory:Bar                -1 FANTA
  Liabilities:Bar:Members:Elfeera      1 FANTA
  Liabilities:Bar:Members:Elfeera   1.50 EUR  
  Income:Bar                       -1.50 EUR  

2022-08-18 txn "Thomas bought 2 items for €2.60"
  timestamp: "2022-08-18 20:08:00.385135"
  type: "purchase"
  Assets:Inventory:Bar               -1 CM   
  Liabilities:Bar:Members:Thomas      1 CM   
  Assets:Inventory:Bar               -1 SNACK
  Liabilities:Bar:Members:Thomas      1 SNACK
  Liabilities:Bar:Members:Thomas   2.60 EUR  
  Income:Bar                      -2.60 EUR  

2022-08-18 txn "Yvan bought 1 items for €1.00"
  timestamp: "2022-08-18 20:08:16.510951"
  type: "purchase"
  Assets:Inventory:Bar             -1 ICE_CREAM
  Liabilities:Bar:Members:Yvan      1 ICE_CREAM
  Liabilities:Bar:Members:Yvan   1.00 EUR      
  Liabilities:Bar:Members:Yvan  -0.63 EUR      
  Income:Bar                    -0.37 EUR      

2022-08-18 txn "Sander bought 1 items for €1.50"
  timestamp: "2022-08-18 20:13:20.687553"
  type: "purchase"
  Assets:Inventory:Bar               -1 COKE
  Liabilities:Bar:Members:Sander      1 COKE
  Liabilities:Bar:Members:Sander   1.50 EUR 
  Income:Bar                      -1.50 EUR 

2022-08-18 txn "--CASH-- bought 1 items for €1.00"
  timestamp: "2022-08-18 20:19:01.960421"
  type: "purchase"
  Assets:Inventory:Bar     -1 CHIP
  Assets:Cash:Bar           1 CHIP
  Assets:Cash:Bar        1.00 EUR 
  Income:Bar            -1.00 EUR 

2022-08-18 txn "Yvan bought 1 items for €1.50"
  timestamp: "2022-08-18 20:29:28.516375"
  type: "purchase"
  Assets:Inventory:Bar             -1 COKE
  Liabilities:Bar:Members:Yvan      1 COKE
  Liabilities:Bar:Members:Yvan   1.50 EUR 
  Income:Bar                    -1.50 EUR 

2022-08-18 txn "Nachtvlinder deposited €20.00"
  timestamp: "2022-08-18 20:37:06.608591"
  type: "deposit"
  Liabilities:Bar:Members:Maja  -20.00 EUR
  Assets:Cash:Bar                20.00 EUR

2022-08-18 txn "Nachtvlinder bought 2 items for €2.10"
  timestamp: "2022-08-18 20:38:17.769457"
  type: "purchase"
  Assets:Inventory:Bar             -1 COKE  
  Liabilities:Bar:Members:Maja      1 COKE  
  Assets:Inventory:Bar             -1 BOUNTY
  Liabilities:Bar:Members:Maja      1 BOUNTY
  Liabilities:Bar:Members:Maja   2.10 EUR   
  Income:Bar                    -2.10 EUR   

2022-08-18 txn "Fearless bought 1 items for €1.50"
  timestamp: "2022-08-18 20:40:41.501952"
  type: "purchase"
  Assets:Inventory:Bar                 -1 SCHWEPPES
  Liabilities:Bar:Members:Fearless      1 SCHWEPPES
  Liabilities:Bar:Members:Fearless   1.50 EUR      
  Income:Bar                        -1.50 EUR      

2022-08-18 txn "Evils bought 2 items for €1.20"
  timestamp: "2022-08-18 21:05:12.812281"
  type: "purchase"
  Assets:Inventory:Bar              -1 BOUNTY
  Liabilities:Bar:Members:Elvis      1 BOUNTY
  Assets:Inventory:Bar              -1 SNACK 
  Liabilities:Bar:Members:Elvis      1 SNACK 
  Liabilities:Bar:Members:Elvis   1.20 EUR   
  Income:Bar                     -1.20 EUR   

2022-08-18 txn "Sander bought 1 items for €1.50"
  timestamp: "2022-08-18 21:08:20.384858"
  type: "purchase"
  Assets:Inventory:Bar               -1 SCHWEPPES
  Liabilities:Bar:Members:Sander      1 SCHWEPPES
  Liabilities:Bar:Members:Sander   1.50 EUR      
  Income:Bar                      -1.50 EUR      

2022-08-18 txn "Elfeera bought 1 items for €1.50"
  timestamp: "2022-08-18 21:24:43.928796"
  type: "purchase"
  Assets:Inventory:Bar                -1 FANTA
  Liabilities:Bar:Members:Elfeera      1 FANTA
  Liabilities:Bar:Members:Elfeera   1.50 EUR  
  Income:Bar                       -1.50 EUR  

2022-08-18 txn "Nachtvlinder bought 1 items for €1.50"
  timestamp: "2022-08-18 21:35:59.653096"
  type: "purchase"
  Assets:Inventory:Bar             -1 COKE
  Liabilities:Bar:Members:Maja      1 COKE
  Liabilities:Bar:Members:Maja   1.50 EUR 
  Income:Bar                    -1.50 EUR 

2022-08-18 txn "Evils deposited €-5.00"
  timestamp: "2022-08-18 21:37:10.135211"
  type: "deposit"
  Liabilities:Bar:Members:Elvis   5.00 EUR
  Assets:Cash:Bar                -5.00 EUR

2022-08-18 txn "Nachtvlinder bought 1 items for €1.00"
  timestamp: "2022-08-18 21:49:14.076304"
  type: "purchase"
  Assets:Inventory:Bar             -1 ICE_CREAM
  Liabilities:Bar:Members:Maja      1 ICE_CREAM
  Liabilities:Bar:Members:Maja   1.00 EUR      
  Liabilities:Bar:Members:Yvan  -0.63 EUR      
  Income:Bar                    -0.37 EUR      

2022-08-18 txn "Bloemist bought 2 items for €3.00"
  timestamp: "2022-08-18 22:14:39.126804"
  type: "purchase"
  Assets:Inventory:Bar                 -1 CM  
  Liabilities:Bar:Members:Bloemist      1 CM  
  Assets:Inventory:Bar                 -1 CHIP
  Liabilities:Bar:Members:Bloemist      1 CHIP
  Liabilities:Bar:Members:Bloemist   3.00 EUR 
  Income:Bar                        -3.00 EUR 

2022-08-18 txn "Evils bought 1 items for €1.00"
  timestamp: "2022-08-18 22:20:43.859009"
  type: "purchase"
  Assets:Inventory:Bar              -1 CHIP
  Liabilities:Bar:Members:Elvis      1 CHIP
  Liabilities:Bar:Members:Elvis   1.00 EUR 
  Income:Bar                     -1.00 EUR 

2022-08-18 txn "Evils deposited €50.00"
  timestamp: "2022-08-18 22:54:19.097601"
  type: "deposit"
  Liabilities:Bar:Members:Elvis  -50.00 EUR
  Assets:Cash:Bar                 50.00 EUR

2022-08-19 txn "Evils bought 1 items for €0.60"
  timestamp: "2022-08-19 13:54:05.717703"
  type: "purchase"
  Assets:Inventory:Bar              -1 EXPIRED_DRINK
  Liabilities:Bar:Members:Elvis      1 EXPIRED_DRINK
  Liabilities:Bar:Members:Elvis   0.60 EUR          
  Income:Bar                     -0.60 EUR          

2022-08-19 txn "Yvan bought 1 items for €1.00"
  timestamp: "2022-08-19 14:46:15.934838"
  type: "purchase"
  Assets:Inventory:Bar             -1 ICE_CREAM
  Liabilities:Bar:Members:Yvan      1 ICE_CREAM
  Liabilities:Bar:Members:Yvan   1.00 EUR      
  Liabilities:Bar:Members:Yvan  -0.63 EUR      
  Income:Bar                    -0.37 EUR      

2022-08-19 txn "Yvan bought 2 items for €2.10"
  timestamp: "2022-08-19 15:29:30.188566"
  type: "purchase"
  Assets:Inventory:Bar             -1 COKE 
  Liabilities:Bar:Members:Yvan      1 COKE 
  Assets:Inventory:Bar             -1 SNACK
  Liabilities:Bar:Members:Yvan      1 SNACK
  Liabilities:Bar:Members:Yvan   2.10 EUR  
  Income:Bar                    -2.10 EUR  

2022-08-20 txn "Sander bought 1 items for €1.50"
  timestamp: "2022-08-20 12:45:28.701284"
  type: "purchase"
  Assets:Inventory:Bar               -1 AGRUMES
  Liabilities:Bar:Members:Sander      1 AGRUMES
  Liabilities:Bar:Members:Sander   1.50 EUR    
  Income:Bar                      -1.50 EUR    

2022-08-20 txn "Sander bought 1 items for €0.75"
  timestamp: "2022-08-20 13:16:43.908633"
  type: "purchase"
  Assets:Inventory:Bar               -1 WATER
  Liabilities:Bar:Members:Sander      1 WATER
  Liabilities:Bar:Members:Sander   0.75 EUR  
  Income:Bar                      -0.75 EUR  

2022-08-20 txn "Yvan bought 1 items for €0.60"
  timestamp: "2022-08-20 16:54:38.819035"
  type: "purchase"
  Assets:Inventory:Bar             -1 SNACK
  Liabilities:Bar:Members:Yvan      1 SNACK
  Liabilities:Bar:Members:Yvan   0.60 EUR  
  Income:Bar                    -0.60 EUR  

2022-08-20 txn "Yvan bought 1 items for €1.00"
  timestamp: "2022-08-20 16:56:32.866686"
  type: "purchase"
  Assets:Inventory:Bar             -1 CHIP
  Liabilities:Bar:Members:Yvan      1 CHIP
  Liabilities:Bar:Members:Yvan   1.00 EUR 
  Income:Bar                    -1.00 EUR 

2022-08-23 txn "Evils bought 1 items for €0.60"
  timestamp: "2022-08-23 13:46:35.334400"
  type: "purchase"
  Assets:Inventory:Bar              -1 EXPIRED_DRINK
  Liabilities:Bar:Members:Elvis      1 EXPIRED_DRINK
  Liabilities:Bar:Members:Elvis   0.60 EUR          
  Income:Bar                     -0.60 EUR          

2022-08-23 txn "Evils bought 1 items for €0.60"
  timestamp: "2022-08-23 16:24:36.506336"
  type: "purchase"
  Assets:Inventory:Bar              -1 BOUNTY
  Liabilities:Bar:Members:Elvis      1 BOUNTY
  Liabilities:Bar:Members:Elvis   0.60 EUR   
  Income:Bar                     -0.60 EUR   

2022-08-24 txn "Yvan bought 2 items for €2.75"
  timestamp: "2022-08-24 14:55:03.550243"
  type: "purchase"
  Assets:Inventory:Bar             -1 CM   
  Liabilities:Bar:Members:Yvan      1 CM   
  Assets:Inventory:Bar             -1 WATER
  Liabilities:Bar:Members:Yvan      1 WATER
  Liabilities:Bar:Members:Yvan   2.75 EUR  
  Income:Bar                    -2.75 EUR  

2022-08-24 txn "Carro​armato0 bought 2 items for €2.60"
  timestamp: "2022-08-24 15:43:15.096374"
  type: "purchase"
  Assets:Inventory:Bar                     -1 CMCOLA
  Liabilities:Bar:Members:Carroarmato0      1 CMCOLA
  Assets:Inventory:Bar                     -1 KITKAT
  Liabilities:Bar:Members:Carroarmato0      1 KITKAT
  Liabilities:Bar:Members:Carroarmato0   2.60 EUR   
  Income:Bar                            -2.60 EUR   

2022-08-24 txn "Yvan bought 1 items for €0.60"
  timestamp: "2022-08-24 16:21:17.347416"
  type: "purchase"
  Assets:Inventory:Bar             -1 LEO
  Liabilities:Bar:Members:Yvan      1 LEO
  Liabilities:Bar:Members:Yvan   0.60 EUR
  Income:Bar                    -0.60 EUR

2022-08-25 txn "DJefke bought 2 items for €2.60"
  timestamp: "2022-08-25 07:41:43.949632"
  type: "purchase"
  Assets:Inventory:Bar               -1 CM  
  Liabilities:Bar:Members:DJefke      1 CM  
  Assets:Inventory:Bar               -1 TWIX
  Liabilities:Bar:Members:DJefke      1 TWIX
  Liabilities:Bar:Members:DJefke   2.60 EUR 
  Income:Bar                      -2.60 EUR 

2022-08-25 txn "Elfeera bought 2 items for €1.20"
  timestamp: "2022-08-25 07:57:14.527681"
  type: "purchase"
  Assets:Inventory:Bar                -1 BOUNTY
  Liabilities:Bar:Members:Elfeera      1 BOUNTY
  Assets:Inventory:Bar                -1 KITKAT
  Liabilities:Bar:Members:Elfeera      1 KITKAT
  Liabilities:Bar:Members:Elfeera   1.20 EUR   
  Income:Bar                       -1.20 EUR   

2022-08-25 txn "DJefke bought 1 items for €2.00"
  timestamp: "2022-08-25 11:17:26.877812"
  type: "purchase"
  Assets:Inventory:Bar               -1 CM 
  Liabilities:Bar:Members:DJefke      1 CM 
  Liabilities:Bar:Members:DJefke   2.00 EUR
  Income:Bar                      -2.00 EUR

2022-08-25 txn "DJefke bought 2 items for €3.00"
  timestamp: "2022-08-25 16:05:17.122919"
  type: "purchase"
  Assets:Inventory:Bar               -1 JUPILER
  Liabilities:Bar:Members:DJefke      1 JUPILER
  Assets:Inventory:Bar               -1 FANTA  
  Liabilities:Bar:Members:DJefke      1 FANTA  
  Liabilities:Bar:Members:DJefke   3.00 EUR    
  Income:Bar                      -3.00 EUR    

2022-08-25 txn "--CASH-- bought 1 items for €0.75"
  timestamp: "2022-08-25 16:08:34.076398"
  type: "purchase"
  Assets:Inventory:Bar     -1 WATER
  Assets:Cash:Bar           1 WATER
  Assets:Cash:Bar        0.75 EUR  
  Income:Bar            -0.75 EUR  

2022-08-25 txn "Evils bought 1 items for €0.60"
  timestamp: "2022-08-25 16:14:19.286320"
  type: "purchase"
  Assets:Inventory:Bar              -1 EXPIRED_DRINK
  Liabilities:Bar:Members:Elvis      1 EXPIRED_DRINK
  Liabilities:Bar:Members:Elvis   0.60 EUR          
  Income:Bar                     -0.60 EUR          

2022-08-25 txn "Koen bought 1 items for €1.50"
  timestamp: "2022-08-25 16:34:26.081063"
  type: "purchase"
  Assets:Inventory:Bar             -1 JUPILER
  Liabilities:Bar:Members:Koen      1 JUPILER
  Liabilities:Bar:Members:Koen   1.50 EUR    
  Income:Bar                    -1.50 EUR    

2022-08-25 txn "qwaxys bought 1 items for €1.50"
  timestamp: "2022-08-25 16:47:37.073784"
  type: "purchase"
  Assets:Inventory:Bar             -1 FANTA
  Liabilities:Bar:Members:Bart      1 FANTA
  Liabilities:Bar:Members:Bart   1.50 EUR  
  Income:Bar                    -1.50 EUR  

2022-08-25 txn "Carro​armato0 bought 3 items for €3.20"
  timestamp: "2022-08-25 16:56:33.562622"
  type: "purchase"
  Assets:Inventory:Bar                     -1 CM    
  Liabilities:Bar:Members:Carroarmato0      1 CM    
  Assets:Inventory:Bar                     -1 LEO   
  Liabilities:Bar:Members:Carroarmato0      1 LEO   
  Assets:Inventory:Bar                     -1 KITKAT
  Liabilities:Bar:Members:Carroarmato0      1 KITKAT
  Liabilities:Bar:Members:Carroarmato0   3.20 EUR   
  Income:Bar                            -3.20 EUR   

2022-08-25 txn "--CASH-- bought 1 items for €2.00"
  timestamp: "2022-08-25 17:12:44.204155"
  type: "purchase"
  Assets:Inventory:Bar     -1 CMRED
  Assets:Cash:Bar           1 CMRED
  Assets:Cash:Bar        2.00 EUR  
  Income:Bar            -2.00 EUR  

2022-08-25 txn "Merlijn bought 2 items for €2.60"
  timestamp: "2022-08-25 17:14:07.470703"
  type: "purchase"
  Assets:Inventory:Bar                -1 CIDER
  Liabilities:Bar:Members:Merlijn      1 CIDER
  Assets:Inventory:Bar                -1 TWIX 
  Liabilities:Bar:Members:Merlijn      1 TWIX 
  Liabilities:Bar:Members:Merlijn   2.60 EUR  
  Income:Bar                       -2.60 EUR  

2022-08-25 txn "DJefke bought 1 items for €1.50"
  timestamp: "2022-08-25 17:39:22.703495"
  type: "purchase"
  Assets:Inventory:Bar               -1 COKE
  Liabilities:Bar:Members:DJefke      1 COKE
  Liabilities:Bar:Members:DJefke   1.50 EUR 
  Income:Bar                      -1.50 EUR 

2022-08-25 txn "Sander bought 1 items for €1.50"
  timestamp: "2022-08-25 17:58:16.914304"
  type: "purchase"
  Assets:Inventory:Bar               -1 FANTA
  Liabilities:Bar:Members:Sander      1 FANTA
  Liabilities:Bar:Members:Sander   1.50 EUR  
  Income:Bar                      -1.50 EUR  

2022-08-25 txn "DJefke bought 1 items for €1.50"
  timestamp: "2022-08-25 18:18:31.818446"
  type: "purchase"
  Assets:Inventory:Bar               -1 FANTA
  Liabilities:Bar:Members:DJefke      1 FANTA
  Liabilities:Bar:Members:DJefke   1.50 EUR  
  Income:Bar                      -1.50 EUR  

2022-08-25 txn "--CASH-- bought 1 items for €1.50"
  timestamp: "2022-08-25 18:32:31.748244"
  type: "purchase"
  Assets:Inventory:Bar     -1 FANTA
  Assets:Cash:Bar           1 FANTA
  Assets:Cash:Bar        1.50 EUR  
  Income:Bar            -1.50 EUR  

2022-08-25 txn "Elfeera bought 1 items for €1.50"
  timestamp: "2022-08-25 18:39:09.638439"
  type: "purchase"
  Assets:Inventory:Bar                -1 FANTA
  Liabilities:Bar:Members:Elfeera      1 FANTA
  Liabilities:Bar:Members:Elfeera   1.50 EUR  
  Income:Bar                       -1.50 EUR  

2022-08-25 txn "Merlijn bought 1 items for €0.75"
  timestamp: "2022-08-25 18:56:40.667755"
  type: "purchase"
  Assets:Inventory:Bar                -1 WATER
  Liabilities:Bar:Members:Merlijn      1 WATER
  Liabilities:Bar:Members:Merlijn   0.75 EUR  
  Income:Bar                       -0.75 EUR  

2022-08-25 txn "DJefke bought 1 items for €1.50"
  timestamp: "2022-08-25 19:10:04.388426"
  type: "purchase"
  Assets:Inventory:Bar               -1 COKE
  Liabilities:Bar:Members:DJefke      1 COKE
  Liabilities:Bar:Members:DJefke   1.50 EUR 
  Income:Bar                      -1.50 EUR 

2022-08-25 txn "Bloemist bought 1 items for €1.50"
  timestamp: "2022-08-25 19:12:43.061732"
  type: "purchase"
  Assets:Inventory:Bar                 -1 SCHWEPPES
  Liabilities:Bar:Members:Bloemist      1 SCHWEPPES
  Liabilities:Bar:Members:Bloemist   1.50 EUR      
  Income:Bar                        -1.50 EUR      

2022-08-25 txn "Koen bought 1 items for €1.50"
  timestamp: "2022-08-25 19:15:09.468952"
  type: "purchase"
  Assets:Inventory:Bar             -1 JUPILER
  Liabilities:Bar:Members:Koen      1 JUPILER
  Liabilities:Bar:Members:Koen   1.50 EUR    
  Income:Bar                    -1.50 EUR    

2022-08-25 txn "Miker bought 1 items for €1.50"
  timestamp: "2022-08-25 19:15:20.081375"
  type: "purchase"
  Assets:Inventory:Bar              -1 COKE
  Liabilities:Bar:Members:Miker      1 COKE
  Liabilities:Bar:Members:Miker   1.50 EUR 
  Income:Bar                     -1.50 EUR 

2022-08-25 txn "Thijs deposited €10.00"
  timestamp: "2022-08-25 19:18:43.424388"
  type: "deposit"
  Liabilities:Bar:Members:Thijs  -10.00 EUR
  Assets:Cash:Bar                 10.00 EUR

2022-08-25 txn "Thijs bought 1 items for €1.50"
  timestamp: "2022-08-25 19:19:26.873496"
  type: "purchase"
  Assets:Inventory:Bar              -1 JUPILER
  Liabilities:Bar:Members:Thijs      1 JUPILER
  Liabilities:Bar:Members:Thijs   1.50 EUR    
  Income:Bar                     -1.50 EUR    

2022-08-25 txn "Stefaan bought 1 items for €0.60"
  timestamp: "2022-08-25 19:20:10.703391"
  type: "purchase"
  Assets:Inventory:Bar                -1 KITKAT
  Liabilities:Bar:Members:Stefaan      1 KITKAT
  Liabilities:Bar:Members:Stefaan   0.60 EUR   
  Income:Bar                       -0.60 EUR   

2022-08-25 txn "DJefke bought 1 items for €0.60"
  timestamp: "2022-08-25 19:24:08.555717"
  type: "purchase"
  Assets:Inventory:Bar               -1 LEO
  Liabilities:Bar:Members:DJefke      1 LEO
  Liabilities:Bar:Members:DJefke   0.60 EUR
  Income:Bar                      -0.60 EUR

2022-08-25 txn "Evils bought 1 items for €1.50"
  timestamp: "2022-08-25 19:26:21.704437"
  type: "purchase"
  Assets:Inventory:Bar              -1 AGRUMES
  Liabilities:Bar:Members:Elvis      1 AGRUMES
  Liabilities:Bar:Members:Elvis   1.50 EUR    
  Income:Bar                     -1.50 EUR    

2022-08-25 txn "Jenny bought 2 items for €1.20"
  timestamp: "2022-08-25 19:28:23.060383"
  type: "purchase"
  Assets:Inventory:Bar              -1 BOUNTY
  Liabilities:Bar:Members:Jenny      1 BOUNTY
  Assets:Inventory:Bar              -1 KITKAT
  Liabilities:Bar:Members:Jenny      1 KITKAT
  Liabilities:Bar:Members:Jenny   1.20 EUR   
  Income:Bar                     -1.20 EUR   

2022-08-25 txn "Elfeera gave Jenny a gift of €0.80"
  timestamp: "2022-08-25 19:29:40.456172"
  type: "transfer"
  Liabilities:Bar:Members:Elfeera   0.80 EUR
  Liabilities:Bar:Members:Jenny    -0.80 EUR

2022-08-25 txn "Stefaan bought 1 items for €0.60"
  timestamp: "2022-08-25 19:31:36.447450"
  type: "purchase"
  Assets:Inventory:Bar                -1 KITKAT
  Liabilities:Bar:Members:Stefaan      1 KITKAT
  Liabilities:Bar:Members:Stefaan   0.60 EUR   
  Income:Bar                       -0.60 EUR   

2022-08-25 txn "Elfeera bought 1 items for €1.50"
  timestamp: "2022-08-25 19:39:06.335856"
  type: "purchase"
  Assets:Inventory:Bar                -1 FANTA
  Liabilities:Bar:Members:Elfeera      1 FANTA
  Liabilities:Bar:Members:Elfeera   1.50 EUR  
  Income:Bar                       -1.50 EUR  

2022-08-25 txn "Stefaan bought 1 items for €0.60"
  timestamp: "2022-08-25 19:39:25.725924"
  type: "purchase"
  Assets:Inventory:Bar                -1 KITKAT
  Liabilities:Bar:Members:Stefaan      1 KITKAT
  Liabilities:Bar:Members:Stefaan   0.60 EUR   
  Income:Bar                       -0.60 EUR   

